3036 4928
729 332 775 391 Ὶ18

208 516 282 574 illud
310 535 403 594 genus
427 518 605 594 conspicitur
613 513 645 589 ¹).
689 515 723 573 ln
751 515 866 591 reliquo
887 501 933 572 de‘
949 512 1053 590 figuris
1083 517 1213 572 tractatu
1235 512 1309 572 nihil

210 623 408 686 adnotandum
437 631 492 696 est,
524 628 580 684 nisi
612 625 691 702 qnod
725 624 784 683 duo
810 622 946 699 exempla
966 643 985 680 a
1011 621 1136 681 Caecilio
1164 624 1308 699 recepisse

209 733 335 804 videtur,
357 753 446 792 unum
461 733 499 792 ad
513 752 704 810 personarum
727 735 920 792 mutationem
942 732 1104 807 pertinens,
1126 731 1251 790 alterum
1269 730 1308 788 ad

209 835 441 919 periphrasim).

309 951 437 1010 Transeo
459 950 497 1009 ad
519 951 682 1028 exemplum
707 971 722 1009 e
743 953 842 1025 genesi
864 955 1014 1027 sumptum
1024 945 1060 1024 ⁸),
1082 949 1162 1026 quod
1184 951 1270 1008 multi
1292 971 1308 1009 e

211 1055 328 1118 Caecilii
357 1061 434 1119 libro
466 1063 638 1138 repetivere.
681 1060 758 1118 Nam
792 1062 984 1137 suspicionem
1008 1059 1044 1117 de
1081 1059 1309 1136 interpolatione

209 1167 297 1226 huius
328 1169 384 1227 loci
416 1188 452 1228 ne
479 1163 664 1246 Spengelii4)
690 1169 807 1245 quidem
841 1170 1036 1246 patrocinium
1070 1169 1165 1227 tutari
1198 1173 1308 1244 potest.

210 1277 314 1353 Neque
322 1280 397 1336 enim
412 1280 624 1337 sententiarum
635 1279 707 1336 ordo
721 1279 871 1350 turbatur,
884 1298 949 1337 cunr
964 1275 1199 1337 claudanturhoc
1213 1297 1308 1337 exem·

210 1387 260 1464 plo
281 1388 414 1464 exempla
442 1386 478 1446 de
507 1388 562 1447 diis
583 1387 729 1464 rebusque
755 1389 862 1446 divinis
885 1389 1011 1465 prolate,
1042 1389 1165 1468 etipsa
1186 1390 1308 1447 testatio
1398 1398 1400 1402 ’

211 1496 328 1555 minime
361 1501 498 1556 accurata
528 1495 728 1556 Christianum
759 1499 805 1556 vel
831 1497 969 1556 iudaeum
1005 1505 1152 1560 auctorem
1185 1499 1307 1574 respuit.

211 1605 332 1666 Accedit
352 1605 431 1682 quod
452 1607 568 1681 singula
589 1607 650 1664 lere
672 1607 762 1666 verba
783 1607 871 1685 plane
886 1627 921 1665 ex
944 1628 1024 1667 more
1047 1611 1140 1668 nostri
1159 1608 1310 1683 scriptoris

211 1717 322 1793 scripta
347 1720 425 1772 sunt.
469 1713 627 1773 Caecilium
662 1735 731 1774 vero
764 1715 898 1774 iudaicae
930 1717 1020 1775 fuisse
1042 1717 1165 1793 originis
1202 1714 1309 1774 Suidae

211 1825 378 1883 testimonio
400 1822 576 1882 credendum
604 1819 690 1902 estl).
713 1825 759 1882 Ex
774 1827 836 1882 eius
850 1827 944 1901 igitur
965 1825 1039 1883 libro
1053 1825 1202 1884 commode
1215 1830 1310 1883 trans·

317 2012 342 2080 l)
361 2029 388 2080 p.
408 2013 450 2079 34,
470 2013 494 2065 9.
514 2013 557 2078 80,
577 2013 619 2080 29,
639 2012 688 2065 ubi
708 2012 855 2082 legendum
876 2029 939 2066 cum
958 2011 1098 2066 Meinclrio
1117 2013 1146 2066 in
1165 2011 1310 2082 Eupolidis

213 2123 309 2162 versu:
329 2109 476 2178 ποθοῦμεν
493 2104 517 2173 ἡ.

317 2204 343 2272 2)
361 2201 395 2257 ci.
415 2222 445 2257 ιι.
464 2197 488 2256 ὕ.
506 2220 533 2273 p.
553 2205 597 2264 46,
617 2204 633 2255 2
650 2221 713 2258 cunr
726 2203 770 2272 Sp.
782 2204 830 2268 Ill,
851 2207 893 2274 33,
912 2207 955 2260 28.
978 2208 1021 2269 80,
1039 2207 1082 2260 31.
1102 2208 1131 2259 et
1144 2225 1172 2259 π.
1188 2203 1209 2259 il.
1222 2207 1307 2271 47,11

215 2315 278 2352 cum
306 2298 352 2368 Sp.
371 2301 414 2362 76,
437 2300 477 2352 10.
497 2327 529 2338 —
549 2298 625 2364 Quae
655 2299 689 2352 de
714 2299 873 2368 periphrasi
902 2301 998 2355 attulit
1015 2301 1143 2354 Tiberius
1172 2319 1198 2370 p.
1217 2303 1260 2355 76.
1285 2303 1310 2366 3,

213 2396 318 2464 optime
338 2395 465 2449 indicant
482 2399 595 2448 cautum
604 2395 714 2449 Caecilii
734 2395 890 2465 ingenium:
910 2403 968 2457 ταῖς
986 2397 1017 2449 δὲ
1036 2391 1219 2468 περιφράσεσι
1241 2413 1310 2450 σπα-

213 2495 278 2550 νίως
292 2493 414 2562 χρῶνται
433 2493 459 2544 οἱ
476 2493 617 2556 notissimi,
642 2487 781 2554 πλεονάζει
801 2491 832 2544 δὲ
851 2493 882 2546 ἒν
899 2489 991 2552 αὐταῖς
1013 2491 1027 2546 o‘
1047 2493 1213 2560 Θουκυδίδης
1231 2497 1276 2546 καί
1295 2490 1318 2545 ὁ’

214 2581 331 2640 Πλάτων
349 2590 394 2640 καὶ
412 2587 439 2639 οἱ
457 2593 573 2654 ποιηταί.

312 2684 339 2752 3)
357 2702 383 2753 p.
403 2684 446 2744 22,
464 2685 489 2751 4,
507 2686 554 2752 qui
572 2688 647 2739 locus
664 2703 681 2738 a
697 2685 798 2739 vitiosa
815 2685 1234 2754 interpunctionevindicandus
1253 2687 1309 2740 est:

212 2773 292 2852 ταύτῃ
310 2782 356 2833 καὶ
374 2777 388 2832 ὁ
409 2781 463 2833 τῶν
480 2776 620 2835 Ἰουδαίων
638 2785 814 2852 θεσμοθέτης
831 2778 883 2852 οὐχ
901 2780 916 2835 ὁ
935 2779 1025 2853 τυχὼν
1042 2777 1117 2851 ἁνήρ,
1145 2781 1241 2848 ἐπειδὴ
1259 2777 1308 2848 τὴν

213 2877 260 2929 τοῦ
278 2881 354 2928 θείου
373 2869 491 2947 δύναμιν
509 2873 577 2929 κατὰ
593 2874 643 2942 τὴν
660 2873 738 2936 ἀξίαν
750 2871 871 2948 ἐχώρησε
890 2873 1042 2949 κάξέφηνεν
1059 2873 1140 2936 εὐθὺς
1157 2879 1188 2930 ἔν
1205 2877 1237 2952 τῇ
1255 2879 1310 2929 elo·

212 2973 280 3046 βολῇ
297 2965 410 3043 γράψας
426 2974 481 3026 τῶν
499 2967 607 3044 νόμων·
640 2974 733 3028 »εἶπεν
752 2971 767 3026 ὁ
788 2967 880 3033 θεόςι,
900 2979 983 3045 φησί·
1009 2979 1048 3038 ιί;
1080 2977 1222 3044 »γενέσθω
1240 2975 1308 3043 φῶς,

213 3071 258 3122 καί
275 3070 396 3138 ἐγένετο·
415 3072 543 3137 γενέσθω
561 3070 606 3137 γῆ,
625 3073 671 3121 καὶ
688 3070 823 3137 trevere«.
860 3069 930 3122 Nam
950 3069 997 3136 qui
1014 3074 1079 3139 post
1096 3072 1273 3140 θεσμοθέτης
1283 3071 1312 3120 et

213 3168 279 3235 post
296 3163 449 3236 κάξίφηνεν
476 3164 726 3233 interpungebant,
749 3193 777 3204 ·-
799 3169 831 3218 ut
848 3168 955 3218 taceam
980 3165 1014 3218 de
1032 3165 1135 3218 vitioso
1161 3164 1310 3233 participio

213 3263 312 3314 aoristi
329 3254 441 3330 γράψας
458 3289 492 3300 -
511 3262 596 3314 etiam
614 3260 702 3314 multo
722 3263 810 3330 magis
823 3259 1042 3315 'offendebantur
1059 3259 1213 3315 honorifica
1225 3259 1311 3314 Mosis

214 3356 409 3427 appellatione.
434 3356 526 3411 Meam
538 3373 604 3411 vero
617 3356 640 3409 si
659 3357 782 3425 sequeris
800 3357 1064 3426 interpunctionem,
1084 3358 1227 3426 epitheton
1241 3357 1311 3411 illud

215 3449 267 3524 οὐχ
284 3451 300 3506 ὁ
318 3449 409 3524 τυχὼν
425 3447 493 3523 ἀνὴρ
512 3469 567 3508 non
586 3453 616 3506 in
633 3453 801 3517 universum,
821 3453 870 3507 sed
887 3455 923 3508 ob
942 3453 1014 3507 hanc
1031 3455 1120 3524 ipsam
1139 3454 1184 3508 dei
1203 3453 1313 3523 praedi·

214 3549 353 3604 ostionem
370 3550 396 3603 ei
414 3549 593 3604 adtribuitur.
616 3579 647 3589 -
669 3553 756 3621 φησίν
774 3549 906 3618 abundat,
925 3555 957 3603 ut
976 3568 1010 3619 p.
1023 3553 1066 3614 38,
1085 3552 1102 3602 2
1121 3550 1156 3604 cf.
1169 3548 1313 3604 Heindorf.

215 3645 251 3701 sd
269 3645 338 3700 Plst.
359 3644 469 3708 Charm.
489 3646 543 3700 164
560 3645 592 3700 Ε.
611 3649 638 3698 τί
655 3645 690 3699 ad
709 3646 787 3699 siner
804 3645 981 3699 referendum
1001 3653 1052 3700 cst.

314 3744 343 3812 4)
363 3741 509 3810 Speoimen
524 3741 749 3797 emendationum
766 3743 795 3796 in
814 3741 951 3796 Taciturn.
976 3742 1125 3810 Miinohen,
1145 3742 1222 3797 1852.
1241 3759 1268 3811 p.
1288 3745 1313 3796 7.

316 3839 343 3907 5)
362 3867 394 3878 -
414 3841 459 3890 καὶ
476 3833 532 3892 aad
552 3833 665 3905 δούλων,
695 3833 731 3896 ὥς
748 3855 817 3897 τινες
841 3833 1009 3909 ἱστορήκασι,
1039 3843 1084 3892 καὶ
1108 3833 1243 3909 πρότερον
1259 3838 1314 3911 μὲν

215 3931 383 4008 καλούμενος
394 3929 574 4006 Ἀρχάγαθος,
599 3931 649 4001 τὴν
666 3935 697 3988 di
721 3915 804 3994 δόξαν
818 3930 960 3994 Ἰουδαῖος.
1000 3935 1082 3988 Certe
1106 3935 1209 3989 nullam
1229 3934 1311 3989 video

215 4049 336 4097 causam,
367 4049 417 4086 cur
435 4034 635 4085 commutatum
664 4048 726 4084 cum
755 4047 814 4084 esse
843 4035 971 4100 putemus
999 4049 1063 4086 cum
1084 4031 1205 4087 Caecilio
1223 4030 1312 4100 Nigro

216 4127 356 4184 Ciceronis
374 4128 403 4182 in
422 4127 577 4182 accusando
589 4127 677 4182 Verre
695 4127 812 4182 aemulo.
849 4126 920 4182 Nam
938 4127 984 4182 hic
997 4145 1107 4196 quoque
1124 4144 1181 4182 non
1199 4125 1312 4196 quidem

216 4223 459 4295 aperteludaicam
477 4224 619 4293 professus
630 4227 673 4277 est
682 4221 832 4293 fidem,sed
841 4225 938 4294 ἔνοχος
948 4222 1001 4278 luit
1019 4225 1057 4293 τῷ
1068 4222 1213 4286 ἰουδαΐζειν
1223 4222 1312 4291 (Plut.
