3036 4928
730 301 792 386 ιο

200 515 303 568 sceret.
333 512 430 587 Atque
452 513 481 570 in
503 512 692 588 sequentibus
713 532 829 589 quoque
851 532 927 588 quae
950 518 1053 571 contra
1078 511 1231 589 Eupolidis
1252 511 1295 570 lo·
1346 506 1349 510 ’

201 638 266 676 cum
293 638 357 677 cum
376 619 601 678 Demosthenico
632 627 832 699 comparatum
859 641 888 698 p.
912 622 961 694 37,
992 622 1030 680 10
1057 640 1121 696 sqq.
1143 619 1297 696 disputau-¹

140 789 144 794 ,
197 732 256 798 tur,
280 732 382 786 contra
404 727 559 787 Caecilium
587 728 667 788 dicta
698 749 760 788 esse
781 731 930 788 verissimo
956 729 1078 787 coniecit
1101 727 1295 788 Wilamowitz

197 828 241 913 (p.
266 830 348 911 338).

280 944 516 1022 Disputatiouem
533 947 569 1005 de
583 947 873 1025 interrogationibus,
890 967 948 1023 qua
962 949 993 1005 in
1006 951 1108 1004 nostre
1123 947 1294 1023 quaestione

196 1053 270 1112 nihil
291 1053 474 1130 adiuvamur,
503 1055 608 1114 lacuna
631 1058 764 1132 sequitur
783 1058 814 1114 in
836 1075 895 1131 qua
916 1060 1036 1131 praeter
1056 1047 1211 1112 ἀσύνδετον
1232 1055 1294 1110 sine

196 1161 285 1220 dubio
313 1155 484 1232 diatonicon
511 1168 541 1221 et
563 1145 699 1241 ἀναφορὰ
726 1167 874 1222 tractatae
895 1168 981 1221 erant
991 1157 1024 1236 ¹).
1067 1161 1179 1220 Deinde
1199 1180 1229 1237 p.
1253 1163 1292 1220 40

196 1271 359 1349 exemplum
380 1272 636 1332 Demosthenicum
658 1275 750 1332 fusius
774 1273 938 1350 explicatur
959 1277 993 1330 ut
1020 1274 1110 1331 trium
1132 1271 1292 1346 figurarum

195 1383 396 1442 coniunctione
418 1385 541 1457 insigne,
567 1403 625 1460 quo
654 1384 716 1442 loco
739 1385 796 1440 iam
819 1380 962 1440 Caecilius
985 1382 1117 1440 similiter
1138 1398 1209 1439 usus
1229 1397 1293 1438 esse

195 1487 353 1561 videtur²l.
398 1489 489 1549 Porro
510 1513 539 1569 p.
563 1493 613 1559 42,
636 1492 676 1548 28
698 1495 841 1568 quattuor
862 1489 974 1567 figurae
996 1495 1112 1548 tantum
1134 1489 1220 1548 modo
1241 1508 1292 1546 no·

298 1712 326 1779 1)
348 1711 492 1767 Iudicatur
509 1713 562 1768 boc
580 1715 672 1768 verbis
691 1731 718 1783 p.
737 1717 780 1782 40,
802 1716 841 1768 12.
880 1713 972 1767 lltiam
990 1711 1192 1766 noloorivdesor
1210 1712 1295 1766 inilia

196 1807 295 1862 lacuna
314 1811 466 1863 tractatum
495 1811 579 1868 fuisse
598 1812 719 1879 conicio;
749 1810 899 1864 nonenim
923 1811 1012 1874 video,
1040 1827 1122 1879 quam
1140 1809 1220 1863 aliam
1239 1809 1294 1862 vir·

196 1908 286 1958 tutem
306 1904 421 1960 laudare
434 1908 559 1976 potuerit
577 1909 605 1962 in
626 1908 752 1977 exemplo
766 1907 922 1970 Platonico,
943 1907 1017 1976 quod
1035 1906 1089 1960 alio
1109 1907 1162 1960 iam
1184 1905 1244 1960 loco
1264 1923 1293 1959 se

196 2000 359 2070 adposuisse
378 2002 449 2057 dicit
467 2003 588 2072 scriptor
616 2022 642 2072 p.
663 2005 706 2071 43,
735 2006 774 2056 19.
812 2002 904 2070 Albus
932 2003 959 2054 in
989 2007 1114 2072 ternpore
1134 2005 1293 2070 usurpatam

196 2097 281 2150 etiam
309 2097 380 2152 hano
398 2097 514 2169 figuram
536 2099 570 2152 ad
600 2100 797 2152 sublimitatem
824 2098 914 2153 iacere
938 2099 1039 2152 docent
1057 2098 1181 2152 Demetr.
1206 2095 1230 2168 ξ.
1249 2099 1292 2150 54.

196 2192 326 2263 Hermog.
346 2194 381 2257 ΙΙ,
400 2197 452 2248 435
471 2213 510 2263 sq.

294 2291 322 2359 2)
342 2291 425 2360 Apud
442 2292 585 2346 Tiberium
612 2293 687 2346 idem
715 2293 793 2347 locus
814 2292 969 2362 exemplum
995 2299 1038 2346 est
1069 2297 1097 2346 ot
1115 2291 1294 2362 ἐπαναφορᾶς

197 2386 235 2454 (p.
256 2387 299 2452 72,
319 2389 363 2457 28)
382 2391 409 2441 et
427 2383 577 2442 ἀσυνδέτου
595 2389 633 2457 (p.
656 2391 698 2454 78,
717 2389 743 2459 2)
773 2388 925 2458 figurarum
944 2387 1052 2458 saepius
1072 2389 1291 2442 coniuncturum.

196 2481 250 2536 Sed
269 2483 352 2536 etiam
371 2478 540 2538 διατύπωσιν
569 2483 597 2538 in
617 2501 650 2538 eo
669 2485 796 2539 laudasse
816 2481 928 2538 videtur
946 2485 1090 2538 Caecilius.
1129 2483 1208 2550 Quod
1236 2499 1292 2536 uon

196 2579 307 2647 quidem
327 2580 464 2649 probatur
483 2585 643 2649 comparato
663 2581 724 2635 loco
743 2581 814 2634 artis
835 2581 1020 2650 Segucriauae
1040 2580 1073 2648 (Ι,
1093 2582 1154 2648 440,
1175 2581 1210 2633 20
1228 2579 1293 2649 sp),

194 2679 227 2728 ut
244 2674 332 2728 visum
360 2678 402 2728 est
421 2675 587 2730 Morawskio
606 2677 643 2746 (p.
663 2679 720 2746 36);
740 2693 803 2730 nam
822 2671 948 2746 ἐνάργεια
974 2693 1044 2745 quac
1062 2676 1102 2730 ihi
1129 2675 1294 2745 explicatur,

197 2769 317 2824 Caecilio
336 2787 391 2824 nou
410 2775 470 2825 eret
488 2771 586 2841 figura,
605 2771 654 2826 sed
665 2772 753 2826 virtus
773 2772 867 2826 multis
886 2771 983 2840 figuris
1002 2771 1164 2827 communis.
1193 2771 1246 2826 Sed
1264 2772 1294 2826 in

199 2865 311 2933 scholiis
329 2866 521 2921 Demosthenis
540 2867 579 2938 (p.
598 2871 649 2922 573
669 2868 713 2937 D.)
737 2867 772 2921 ad
790 2867 868 2922 illum
887 2869 977 2922 locum
998 2885 1053 2921 non
1083 2867 1171 2921 solum
1191 2868 1294 2921 ἐπονο-

196 2961 285 3038 φορὰκ
301 2967 328 3018 et
347 2956 497 3018 ἀσύνδετον
515 2969 677 3027 occurrunt,
705 2965 753 3019 sed
780 2965 862 3019 etiarn
889 2958 1055 3023 διοιὺπωσις
1081 2964 1142 3034 ipsa
1170 2966 1293 3030 notatur,

195 3060 234 3114 ita
262 3064 293 3113 ut
324 3060 353 3114 iu
382 3061 429 3115 illo
458 3061 563 3115 scholio
592 3061 680 3129 ipsius
699 3061 810 3115 Caecilii
837 3060 955 3130 vestigia
983 3077 1118 3129 apparere
1137 3059 1292 3114 videantur.

195 3146 398 3226 Accedit‘quod
418 3156 543 3211 definitio
557 3153 756 3224 dzcwnaioeoc,
775 3174 856 3224 quam
868 3157 994 3210 Tiberius
1014 3158 1050 3226 (p.
1064 3159 1109 3227 79)
1128 3156 1290 3210 nominatim
1323 3151 1328 3162 '

194 3253 329 3307 adscribit
348 3252 474 3322 Caecilio,
503 3253 584 3322 plane
603 3253 728 3322 exemplo
756 3260 854 3307 nostro
873 3253 1008 3308 convenit.
1048 3253 1121 3306 Data
1148 3253 1293 3307 occasione

194 3347 386 3404 animadverto
405 3349 476 3404 hauc
497 3349 608 3404 Caecilii
628 3350 845 3418 disputationem
859 3350 894 3404 de
911 3350 1002 3403 tribus
1020 3345 1214 3407 διατοπώσεως
1227 3347 1293 3402 defi·

194 3445 346 3500 nitionibus
366 3447 463 3500 eodem
481 3446 580 3501 ordine
598 3463 743 3500 recurrere
762 3447 835 3516 apud
855 3446 1062 3514 Quintilianum.

370 3542 432 3598 Tib.
452 3561 478 3612 p.
503 3544 536 3596 79
896 3543 989 3610 Quint.
1008 3541 1056 3607 IX,
1074 3543 1100 3608 2,
1119 3542 1154 3594 40

194 3632 400 3708 ὑπομιμνήσκει
430 3639 499 3693 τῶν
525 3643 717 3710 γεγενημνέ·
767 3656 811 3693 res
830 3643 867 3692 ut
885 3639 934 3692 sit
951 3642 1053 3707 gesta
1065 3635 1224 3692 ostenditur
1240 3652 1291 3690 nee

194 3751 260 3787 νων
290 3734 479 3804 ἐνεργειῶν
499 3736 565 3806 [καὶ]
595 3729 719 3790 ἑκάστων
769 3735 897 3788 universa
916 3735 965 3790 sed
984 3733 1177 3812 perpartis

195 3829 439 3902 ἒξαριθμουμένων
456 3833 520 3885 τῶν
537 3834 648 3903 μερῶν

194 3939 394 4008 intricatos
414 3937 472 4012 dyo
492 3945 547 3999 τῶν
563 3939 615 4015 οὐχ
633 3945 715 4014 iapu-
768 3944 859 3998 forms
879 3960 973 3998 rerum
992 3943 1031 3996 ita
1050 3943 1291 4013 expressaverbis‚

192 4041 288 4107 μένων
768 4043 799 4093 ut
819 4040 914 4093 cerni
932 4041 1026 4110 potius
1045 4039 1194 4093 videantur
1208 4055 1290 4106 quam

768 4134 859 4189 audiri

194 4226 303 4286 ὄιοντὰ
322 4229 367 4302 μὴ
385 4227 552 4302 γεγονότα
573 4228 716 4288 διατυποὺ-
766 4248 817 4288 nec
847 4232 937 4286 solum
962 4250 1033 4305 quae
1059 4233 1133 4288 iactu
1158 4231 1214 4287 siut
1241 4235 1290 4286 aut
