3036 4928
741 371 780 435 24

213 557 250 624 ds
271 558 452 626 sublimitate
478 561 625 626 assiduam
653 562 844 641 impendisset
862 581 981 641 operam
991 556 1025 637 ¹),
1053 565 1117 622 toto
1140 580 1206 622 eum
1228 558 1310 623 oeelo

213 673 252 733 ab
273 673 324 732 ille
345 673 428 732 arida
449 672 583 733 doctrina
603 672 707 732 abesse
729 673 875 748 cognovit.
899 688 902 696 ’

216 807 220 820 =·
313 782 472 859 Postquam
497 784 592 869 igitur
618 780 728 840 Amatii
757 784 908 840 inventum
933 782 964 837 in
992 778 1118 838 editione
1140 779 1310 841 Weiskiana

212 909 290 951 anno
311 890 342 950 h.
358 887 382 950 s.
397 890 439 948 IX
460 891 572 969 publici
592 891 703 950 foetum
725 895 771 950 est
791 890 873 962 iuris,
897 891 1015 966 spuriae
1038 889 1160 965 originis
1180 888 1309 965 undique

213 999 400 1077 apparebant
413 999 528 1060 indicia.
552 1000 651 1077 Atque
673 999 758 1058 multi
779 1018 845 1057 cum
861 1016 941 1075 espe
957 996 1082 1074 Longini
1096 996 1199 1056 tuendi
1213 1003 1310 1058 essent

212 1106 338 1184 depulsi,
369 1107 494 1167 alterum
523 1127 629 1167 nomen
650 1108 777 1185 amplexi
799 1125 900 1165 omnes
920 1103 1049 1182 undique
1067 1104 1223 1181 Dionysias
1241 1125 1309 1164 con·

212 1214 367 1290 vocabant,
388 1218 467 1275 inter
490 1235 562 1292 quos
584 1217 666 1295 optio
687 1206 854 1290 dareturll.
877 1214 953 1286 Quin
974 1213 1143 1274 Vanoherus
1164 1213 1309 1272 confiden-

211 1328 259 1382 ter
278 1323 371 1384 edidit
382 1319 572 1402 lliousdpgov
594 1327 643 1382 τοῦ
663 1322 728 1400 napi
740 1318 939 1402 χαρακτήρων
961 1317 1079 1398 βιβλίου
1100 1319 1249 1400 σύνταγμα
1278 1319 1309 1382 τὸ

211 1429 278 1509 περὶ
304 1425 441 1511 tonost.
486 1433 593 1493 Melius
626 1433 663 1493 de
692 1454 725 1493 re
745 1434 845 1492 meriti
876 1437 956 1503 sunt,
987 1433 1038 1508 qui
1065 1425 1154 1491 misso
1180 1434 1310 1493 auctoris

211 1540 411 1618 investigandi
437 1542 534 1601 studio
566 1545 662 1620 ipsam
693 1547 822 1602 aetatem
853 1543 1018 1600 accuratius
1054 1540 1175 1600 definire
1211 1542 1309 1601 stude·

211 1646 329 1728 bent4).
372 1649 429 1709 Sed
450 1671 486 1710 ne
507 1656 575 1711 acta
595 1671 688 1728 agam,
712 1671 788 1728 quae
809 1650 852 1708 illi
878 1655 907 1708 et
930 1649 968 1710 ad
992 1655 1120 1709 veterem
1142 1653 1309 1728 opinionem

211 1757 436 1836 pervertendam
461 1765 492 1818 et
513 1759 552 1818 ad
568 1762 665 1819 varius
687 1760 826 1818 iudicium
856 1757 1064 1818 stabiliendum
1086 1758 1223 1831 attulere,
1250 1777 1309 1818 non

211 1859 389 1942 repetam⁶).
431 1865 506 1934 Nam
527 1869 624 1945 primo
646 1887 675 1944 p.
700 1865 730 1924 0.
753 1886 781 1926 n.
804 1866 920 1926 saeculo
942 1857 986 1924 ita
1013 1885 1114 1928 eorum
1133 1885 1224 1943 opera
1240 1867 1308 1930 sin·

318 2052 343 2122 1)
363 2052 514 2122 Postquam
540 2055 614 2107 enim
642 2070 715 2108 anno
734 2055 802 2108 1765
825 2052 880 2107 'illa
904 2054 939 2108 de
965 2058 1026 2108 arte
1044 2053 1165 2124 Longini
1190 2054 1310 2124 protulit

211 2146 399 2214 Ruhnkenius‚
424 2166 496 2203 enno
515 2151 583 2204 1776
600 2148 710 2204 demum
729 2149 953 2204 dissertationem
972 2149 1062 2204 edidit
1082 2149 1117 2205 de
1134 2149 1262 2221 Longino
1280 2155 1310 2205 et

210 2243 323 2298 biennio
341 2250 406 2315 post
424 2247 453 2298 in
473 2246 749 2316 editioneToupiana
760 2247 968 2301 emendationes
988 2248 1017 2301 in
1028 2247 1194 2317 Longinum.
1215 2245 1309 2300 Etiam

210 2341 293 2394 amici
304 2340 462 2396 Ruhnkenii
473 2341 638 2397 diffidebant
651 2344 710 2398 eius
723 2344 898 2399 coniecturae
910 2343 956 2412 (ef.
969 2343 1045 2414 epod
1054 2343 1172 2398 Bakium
1182 2361 1209 2412 p.
1218 2340 1307 2396 XXX:

212 2436 248 2489 »il
267 2453 337 2490 nous
356 2437 460 2492 semble
479 2455 532 2506 que
550 2457 620 2493 nous
639 2439 685 2507 n’y
712 2443 876 2496 retrouvone
895 2458 945 2510 pas
972 2439 1091 2494 l’auteur
1109 2440 1147 2494 du
1166 2438 1251 2494 traite
1270 2437 1309 2492 du

209 2531 364 2603 sublime«)
382 2537 410 2588 et
436 2534 495 2602 ipse
513 2533 712 2589 Valckenarius
738 2534 820 2604 plene
839 2535 1025 2590 dissentiebat
1043 2536 1081 2606 (p.
1101 2535 1217 2589 XXXIV
1235 2551 1307 2604 sqq.:

211 2629 302 2684 »haee
313 2646 378 2684 sane
397 2630 484 2684 miror
502 2630 536 2683 ab
555 2629 607 2685 boe
625 2631 736 2701 ingenio
754 2631 909 2701 profecte«¹
928 2633 983 2686 alie
1002 2633 1123 2702 similia).

309 2726 336 2792 2)
358 2725 450 2779 rimati
477 2727 625 2796 proposuit
644 2725 805 2796 Dionysium
824 2725 1095 2782 Halicarnasseusem
1124 2745 1150 2797 p.
1170 2729 1221 2781 213
1239 2743 1308 2796 sqq„

208 2825 269 2892 ipse
288 2821 428 2876 Weiskius
455 2822 618 2893 Dionysium
641 2823 766 2880 Atticum
799 2833 846 2878 »ut
877 2824 968 2878 minus
997 2829 1095 2878 notum
1123 2824 1304 2892 scriptorem«

208 2936 235 2987 p.
255 2919 315 2983 218,
335 2918 463 2990 Eggerus
480 2921 692 2976 commendabat
709 2921 820 2974 Aelium
837 2920 1000 2989 Dionysium
1018 2922 1049 2975 in
1067 2922 1110 2976 ed.
1129 2921 1218 2978 Paris.
1238 2922 1308 2974 1837

205 3032 237 3089 p.
258 3013 329 3069 LVI.

174 3127 177 3132 ·
309 3112 336 3182 3)
355 3113 389 3167 ln
406 3113 480 3167 libro
499 3112 741 3184 ttudescritiquss
761 3130 810 3168 sur
827 3114 853 3169 le
871 3113 957 3168 truite
975 3113 1013 3169 du
1025 3113 1149 3170 Sublime
1162 3119 1190 3169 et
1208 3131 1255 3168 sur
1267 3113 1307 3169 les

209 3207 294 3264 terite
312 3208 347 3263 de
366 3209 486 3279 Longin.
508 3211 586 3264 1854.

308 3305 335 3370 4)
353 3304 463 3373 Resper
483 3303 511 3357 in
529 3302 666 3374 philologi
684 3304 738 3361 vol.
758 3306 779 3360 1.
800 3322 826 3375 p.
847 3307 899 3360 630
918 3310 947 3360 et
964 3303 1101 3374 imprimis
1111 3303 1259 3360 Buchenau
1277 3303 1308 3358 in

210 3400 406 3455 dissertatione
436 3399 545 3469 saepius
575 3401 629 3454 iam
656 3401 776 3464 laudate,
809 3403 857 3470 qni
885 3401 970 3478 falsus
993 3401 1106 3470 quidem
1125 3405 1168 3456 est
1196 3401 1306 3470 inipso

207 3503 333 3566 tempore
349 3496 534 3564 terminando,
552 3497 601 3550 sed
619 3495 742 3566 undique
759 3498 924 3566 conquisitis
943 3496 1115 3568 argumentis
1133 3499 1245 3568 praeter
1263 3513 1306 3551 ce·

207 3597 283 3649 toros
303 3593 337 3647 de
351 3594 404 3649 bac
422 3593 583 3662 quaestione
601 3595 706 3664 optime
723 3593 835 3648 meruit.

308 3690 335 3757 ὅ)
354 3688 444 3743 Unum
462 3689 564 3744 addere
582 3690 651 3744 mihi
669 3690 760 3757 liceat,
786 3690 859 3758 quod
878 3708 962 3744 unum
981 3690 1086 3746 sufficit
1102 3691 1139 3745 ad
1156 3689 1306 3760 profligen-

207 3785 270 3839 dam
289 3783 409 3856 Longini
426 3786 630 3842 auctoritatsm.
662 3804 687 3856 p.
707 3788 751 3855 67,
771 3789 804 3840 19
831 3787 990 3856 philosophi
1008 3787 1124 3847 alicuius
1143 3803 1235 3842 sermo
1260 3786 1305 3840 his

207 3883 299 3936 verbis
319 3882 476 3937 inducitur:
505 3878 574 3953 ὅπερ
592 3877 703 3948 diisset
728 3901 767 3941 τις
782 3883 838 3937 τῶν
856 3877 1022 3954 φιλοᾳόφων
1040 3883 1215 3954 διασαφῆσαι
1234 3878 1304 3950 πρὸς

207 3979 258 4050 ἐμὲ
278 3980 395 4050 ἔναγχος
413 3979 597 4051 (διασαφῆσαι
616 3996 649 4032 ex
658 3996 739 4034 versu
752 3979 935 4035 antecedente
946 3981 1128 4050 transposui),
1147 3979 1305 4034 undeclare

206 4091 342 4145 apparere
369 4079 438 4144 puto
466 4075 586 4143 quibos
614 4070 759 4144 scripserit
789 4076 880 4146 ipsum
909 4092 964 4130 non
988 4075 1075 4130 fuisse
1099 4074 1303 4146 philosophum.

207 4171 339 4238 Quamvis
357 4177 450 4227 autem
460 4171 565 4227 Plotini
584 4171 685 4228 iudicio
698 4171 784 4227 fuerit
796 4170 944 4245 φιλόλογος
960 4173 1016 4245 μὲν
1034 4171 1207 4243 ὁΛογγῖνος,
1227 4167 1303 4245 φιλό-

207 4285 297 4342 σοφος
322 4270 353 4324 δὲ
373 4265 502 4343 οὐδαμῶς
530 4270 576 4338 (cf.
596 4269 782 4340 Porphyrium
802 4271 831 4324 in
851 4269 908 4326 vita
926 4269 1029 4325 Plotini
1048 4287 1107 4338 cap.
1129 4269 1182 4339 14),
1211 4274 1304 4324 tamen
