3036 4928
721 308 761 368 30

193 494 286 572 ipsius
307 494 451 554 Theodori
485 515 550 554 eum
588 496 679 555 fuisse
715 495 879 554 auditorem
921 497 1080 555 rectissime
1118 495 1293 555 conclusisse

194 605 266 664 mibi
287 604 422 665 videatur
448 605 605 666 Buchenau
626 605 669 684 (p.
692 597 755 676 33).
795 604 879 677 Quod
900 608 925 665 si
945 607 1065 677 statuis,
1087 605 1221 664 facillime
1243 626 1292 665 ex-

194 715 322 793 plicatur
352 713 425 774 illud
452 713 653 791 imperfectum
674 706 779 785 ἐκάλει,
813 732 872 788 quo
893 712 1005 773 indicat
1026 715 1153 790 scriptor
1174 713 1292 790 saepius

195 827 240 884 nti
260 827 291 884 in
304 823 411 884 scholis
426 824 486 883 suis
505 825 631 882 termino
647 816 850 902 napdvdnlpoor
864 823 1049 884 Theodorum
1063 843 1095 882 se
1121 823 1293 882 meminisse.

194 934 258 1006 Qua
278 936 309 993 in
329 955 361 994 re
382 935 413 994 id
431 954 548 1012 queque
569 934 782 996 observandum
804 935 921 995 ridetur
942 937 1057 1012 inipso
1079 935 1129 994 ille
1151 932 1294 992 vocabule

194 1037 406 1120 παρένθυροον,
429 1065 486 1122 que
507 1044 630 1106 affectus
647 1048 855 1122 intempestive
883 1046 1010 1105 adhibiti
1033 1049 1183 1116 notantur,
1216 1041 1293 1101 idem

194 1153 324 1214 studium
346 1175 498 1234 apparare,
519 1176 579 1233 quo
600 1156 706 1216 ductus
728 1161 854 1236 scriptor
874 1159 912 1218 ad
935 1156 1162 1236 significantiam
1183 1173 1293 1230 augen-

194 1259 262 1320 dam
283 1259 431 1320 cumulare
453 1264 687 1340 praepositiones
710 1264 813 1324 solitus
835 1265 884 1324 sit.
916 1263 1020 1341 Neque
1041 1265 1103 1322 sine
1126 1281 1214 1324 cansa
1234 1264 1293 1322 sin·

193 1369 324 1448 gularem
346 1371 422 1431 bunc
436 1375 686 1450 praepositionum
700 1393 796 1450 usum,
817 1375 863 1433 cui
876 1375 940 1452 ipse
954 1374 1097 1450 imprimis
1110 1373 1294 1448 indulgebat,

194 1483 223 1540 in
243 1481 370 1541 Homero
391 1483 511 1540 summis
539 1487 711 1559 prosecutus
744 1487 790 1542 est
810 1482 948 1542 laudibus
964 1479 996 1558 1).
1048 1482 1147 1560 Atque
1165 1484 1196 1541 in
1217 1480 1295 1540 libre

195 1593 297 1650 nostro
331 1609 389 1650 neu
421 1591 515 1650 solum
544 1594 793 1670 praepositionum
825 1593 855 1650 in
888 1593 1055 1670 compositis
1079 1592 1294 1651 cumulaturum

195 1701 270 1758 mira
299 1705 345 1758 est
378 1700 545 1776 frequentia
557 1693 591 1776 ²),
624 1700 675 1759 sed
707 1704 796 1760 etiam
829 1702 894 1760 aliis
916 1701 1174 1780 compositionibus
1196 1699 1294 1759 indul-

196 1806 297 1886 goti).
348 1808 432 1881 Quod
465 1811 521 1868 etsi
554 1811 584 1867 in
606 1812 774 1869 universum
805 1811 952 1870 inferioris
973 1812 1080 1870 astatis
1100 1808 1294 1887 scriptoribus

196 1920 290 1994 magis
312 1918 432 1996 placuit,
454 1923 554 1977 tamen
575 1919 699 1978 maxims
722 1920 804 1996 apud
825 1920 988 1997 Aegyptios
1010 1919 1180 1996 Syriacosve
1202 1919 1293 1994 serip-

195 2031 276 2086 tores
297 2026 528 2114 deprehenditur
539 2023 574 2102 ⁴).
625 2027 704 2100 Quae
733 2028 851 2104 quidem
884 2048 933 2087 res
966 2030 1148 2088 accuratiore
1180 2026 1295 2102 indiget

196 2135 410 2212 disquisitione,
443 2126 494 2196 sed
517 2139 575 2196 iam
608 2157 684 2196 nunc
705 2137 918 2215 probabilitate
939 2138 1067 2214 quadam
1089 2138 1127 2196 ad
1149 2137 1178 2196 id
1200 2156 1293 2213 genus

196 2247 370 2323 scriptorum
387 2243 553 2304 deferimur.
578 2237 684 2322 Atque'
696 2247 758 2322 ipse
774 2243 945 2305 Theodorus
960 2266 996 2304 ex
1011 2245 1095 2320 Syria
1116 2246 1174 2305 suit
1194 2247 1293 2304 oriun-

297 2495 323 2561 l)
341 2491 389 2553 τὰς
407 2497 554 2563 προθέσεις
578 2489 744 2554 ἀσυνθέτους
769 2489 852 2553 οὔσας
880 2490 1089 2563 συναναγκάσας
1107 2488 1181 2566 >rapis
1208 2487 1296 2562 φύσιν

196 2594 241 2644 καὶ
260 2593 298 2650 εὶς
315 2584 429 2656 ἀλλήλας
446 2583 671 2661 συμβιασάμενος
686 2587 771 2644 »ὑπὲκ
785 2584 932 2644 θανάτοισι
953 2591 991 2660 τῷ
1010 2591 1065 2662 μὲν
1076 2593 1293 2660 σονεμπίπιονιι

196 2679 280 2740 πάθει
307 2684 338 2740 τὸ
358 2687 425 2745 ἔπος
442 2684 546 2758 ὁμοίως
573 2679 738 2754 ἐβασάνισεν
756 2689 810 2739 κτλ.
847 2687 935 2754 Quam
963 2703 1021 2740 rem
1040 2703 1072 2740 eo
1099 2687 1188 2754 magia
1214 2684 1295 2740 cordi

196 2783 281 2838 fuisse
299 2783 429 2852 scriptori
458 2787 584 2851 apertum
602 2785 652 2846 est,
682 2800 738 2852 quo
757 2781 864 2838 avidius
882 2783 1050 2856 occasionem
1081 2782 1157 2836 illius
1181 2779 1294 2836 artificii

195 2878 327 2934 laudandi
339 2878 468 2949 arripuit.
505 2878 649 2949 Digressus
662 2879 735 2933 enim
749 2884 790 2934 eet
804 2896 861 2934 are
879 2879 1024 2948 proposita
1037 2878 1088 2934 bac
1098 2878 1295 2948 disputatione,

196 2993 251 3046 qua
269 2975 396 3030 absoluta
418 2975 510 3030 verbis
529 2971 578 3028 οὐκ
606 2967 692 3034 ἄλλως
710 2974 744 3030 sd
775 2974 966 3030 antecedentia
985 2975 1146 3029 revertitur.
1167 3002 1200 3013 -
1218 2969 1295 3042 παρὰ

106 3141 108 3145 λ
197 3066 284 3144 φύσιν
307 3088 373 3126 vero
400 3070 429 3125 id
447 3070 559 3140 dicitur,
589 3072 663 3142 quod
681 3070 714 3124 fit
742 3071 855 3125 insolito
873 3088 949 3125 mere
975 3075 1038 3125 eta
1061 3071 1214 3126 cottidiano
1241 3089 1293 3124 usu

197 3168 295 3236 aliene,
322 3167 357 3223 cf.
377 3165 529 3236 figurarum
550 3165 741 3220 definitionem
760 3166 860 3223 Caecil.¹
884 3187 910 3237 p.
932 3170 965 3220 14
990 3167 1051 3221 adn.
1073 3169 1098 3235 2,
1115 3167 1177 3220 alia.
1214 3166 1294 3234 Quod

197 3280 252 3318 non
265 3263 426 3333 intellegens
436 3265 533 3316 auctor
543 3279 694 3332 anonymus
704 3263 797 3317 {Knox
807 3267 923 3318 vocatur
942 3261 1016 3332 apud
1026 3262 1163 3332 lahnium)
1181 3263 1210 3317 in
1219 3262 1294 3317 libro

197 3360 312 3414 verboso
331 3361 359 3412 et
377 3358 471 3412 inutili
490 3357 624 3426 (remarks
638 3375 673 3412 on
693 3359 741 3413 the
753 3359 888 3428 supposed
899 3359 1047 3430 Dionysius
1057 3359 1200 3428 Longinus
1211 3376 1237 3427 p.
1248 3357 1295 3426 35)

196 3458 255 3508 tam
268 3453 336 3508 haec
346 3471 428 3522 quam
440 3453 527 3508 multa
537 3444 591 3508 alia
601 3455 678 3523 qnasi
690 3455 725 3509 ab
741 3455 940 3523 interpolatore
957 3437 1087 3524 proiectu
1100 3454 1187 3509 deleri
1204 3454 1293 3508 iussit.

296 3551 323 3620 2)
342 3549 424 3604 Cuius
442 3552 553 3620 generis
572 3550 644 3604 solus
665 3551 821 3606 adhibuisse
839 3549 950 3604 videtur
968 3551 1048 3606 haec:
1077 3544 1191 3620 ἀναχοὴ,
1210 3545 1295 3603 ἀνθυ-

197 3643 318 3716 nemea,
338 3641 562 3718 ἄνιισυμμαχέιο,
574 3640 699 3718 ιἰπακμὴ,
719 3640 904 3717 ἀποκὺλισμα,
918 3641 1133 3716 dispensationum,
1149 3639 1294 3712 ἓκπάθεια,

197 3742 349 3814 ἔξέρεισμα,
376 3743 568 3814 ἓποικονομιά,
596 3737 778 3814 καιᾶροθμος,
805 3746 1056 3814 προεμφανίζομαι,
1085 3746 1293 3812 προσεκπίπιω,

197 3831 448 3910 προσεπιθεᾶομαι,
466 3843 735 3909 προσπεριορίζομαι.

299 3934 328 4004 3)
346 3932 441 3989 Solum
465 3935 540 4004 apud
568 3935 643 3990 hunc
664 3935 828 4004 scriptorem
847 3933 905 3989 vidi
924 3928 1119 4004 ἁδρειιὴβολος,
1150 3935 1294 4002 prolapso,

197 4023 401 4100 εὖπάλαισιρος,
420 4025 572 4097 concordie,
591 4034 763 4101 συοφορβέω,
781 4024 960 4098 ὑψηλοποιός,
977 4024 1167 4102 ὑψηλοφανῆς.

296 4125 324 4194 4)
342 4125 376 4181 cf.
396 4128 471 4182 int-er
487 4127 541 4180 alia
560 4124 678 4180 indicem
696 4125 859 4180 Philoneum
877 4125 1076 4196 inSieglriedii
1094 4126 1168 4180 libro
1186 4123 1294 4178 dePhi-

197 4223 260 4280 lone
279 4223 356 4279 Alex.
374 4239 446 4278 anno
465 4222 535 4278 1875
553 4222 637 4291 edito,
655 4226 684 4276 et
701 4221 897 4290 Frendenthal,
915 4220 1021 4278 Hellen.
1041 4221 1120 4276 Stud.
1136 4239 1163 4293 p.
1188 4220 1245 4272 164.
