<?xml version="1.0" encoding="UTF-8"?>
<!DOCTYPE html PUBLIC "-//W3C//DTD XHTML 1.0 Transitional//EN"
    "http://www.w3.org/TR/xhtml1/DTD/xhtml1-transitional.dtd">
<html xmlns="http://www.w3.org/1999/xhtml" xml:lang="en" lang="en">
 <head>
  <title>
</title>
<meta http-equiv="Content-Type" content="text/html;charset=utf-8" />
  <meta name='ocr-system' content='tesseract 3.04.00' />
  <meta name='ocr-capabilities' content='ocr_page ocr_carea ocr_par ocr_line ocrx_word'/>
</head>
<body>
  <div class='ocr_page' id='page_1' title='image "./delibelloperihy00martgoog_0036.png"; bbox 0 0 3036 4928; ppageno 0'>
   <div class='ocr_carea' id='block_1_1' title="bbox 754 327 792 385">
    <p class='ocr_par' dir='ltr' id='par_1_1' title="bbox 754 327 792 385">
     <span class='ocr_line' id='line_1_1' title="bbox 754 327 792 385; baseline -0.026 0"><span class='ocrx_word' id='word_1_1' title='bbox 754 327 792 385; x_wconf 85' lang='grc'><strong>29</strong></span> 
     </span>
    </p>
   </div>
   <div class='ocr_carea' id='block_1_2' title="bbox 209 512 1320 611">
    <p class='ocr_par' dir='ltr' id='par_1_2' title="bbox 209 512 1320 611">
     <span class='ocr_line' id='line_1_2' title="bbox 209 512 1320 611; baseline -0.004 -35"><span class='ocrx_word' id='word_1_2' title='bbox 209 606 213 611; x_wconf 26' lang='lat'>¹</span> <span class='ocrx_word' id='word_1_3' title='bbox 224 519 336 577; x_wconf 82' lang='lat' dir='ltr'><strong>fuciunt</strong></span> <span class='ocrx_word' id='word_1_4' title='bbox 346 517 383 576; x_wconf 85' lang='lat' dir='ltr'><strong>sd</strong></span> <span class='ocrx_word' id='word_1_5' title='bbox 392 518 508 593; x_wconf 82' lang='lat' dir='ltr'><strong>ingenie</strong></span> <span class='ocrx_word' id='word_1_6' title='bbox 518 515 686 576; x_wconf 74' lang='lat' dir='ltr'><strong>exacuendo</strong></span> <span class='ocrx_word' id='word_1_7' title='bbox 693 536 787 593; x_wconf 89' lang='lat' dir='ltr'><strong>neque</strong></span> <span class='ocrx_word' id='word_1_8' title='bbox 798 515 834 574; x_wconf 88' lang='lat' dir='ltr'><strong>de</strong></span> <span class='ocrx_word' id='word_1_9' title='bbox 842 515 888 574; x_wconf 88' lang='lat' dir='ltr'><strong>his</strong></span> <span class='ocrx_word' id='word_1_10' title='bbox 899 513 1014 574; x_wconf 78' lang='lat' dir='ltr'><strong>dixerat</strong></span> <span class='ocrx_word' id='word_1_11' title='bbox 1022 513 1229 594; x_wconf 81' lang='lat' dir='ltr'><strong>philosophus3</strong></span> <span class='ocrx_word' id='word_1_12' title='bbox 1240 512 1320 572; x_wconf 87' lang='lat' dir='ltr'><strong>dixe-</strong></span> 
     </span>
    </p>
   </div>
   <div class='ocr_carea' id='block_1_3' title="bbox 224 617 1326 3324">
    <p class='ocr_par' dir='ltr' id='par_1_3' title="bbox 224 617 1323 1035">
     <span class='ocr_line' id='line_1_3' title="bbox 224 617 1323 706; baseline -0.003 -19"><span class='ocrx_word' id='word_1_13' title='bbox 224 634 273 687; x_wconf 85' lang='lat' dir='ltr'><strong>ret</strong></span> <span class='ocrx_word' id='word_1_14' title='bbox 297 628 331 686; x_wconf 89' lang='lat' dir='ltr'><strong>de</strong></span> <span class='ocrx_word' id='word_1_15' title='bbox 347 627 445 687; x_wconf 89' lang='lat' dir='ltr'><strong>turbis</strong></span> <span class='ocrx_word' id='word_1_16' title='bbox 461 627 604 688; x_wconf 85' lang='lat' dir='ltr'><strong>civilihus.</strong></span> <span class='ocrx_word' id='word_1_17' title='bbox 628 619 647 702; x_wconf 82' lang='grc' dir='ltr'><em>ἦ</em></span> <span class='ocrx_word' id='word_1_18' title='bbox 667 621 738 702; x_wconf 86' lang='grc' dir='ltr'><strong><em>πρὸς</em></strong></span> <span class='ocrx_word' id='word_1_19' title='bbox 753 619 897 702; x_wconf 77' lang='grc' dir='ltr'><strong><em>ἀλλήλους</em></strong></span> <span class='ocrx_word' id='word_1_20' title='bbox 916 617 973 702; x_wconf 74' lang='grc' dir='ltr'><strong><em>ἔρις</em></strong></span> <span class='ocrx_word' id='word_1_21' title='bbox 993 623 1042 684; x_wconf 79' lang='grc' dir='ltr'><strong>καὶ</strong></span> <span class='ocrx_word' id='word_1_22' title='bbox 1065 619 1169 702; x_wconf 78' lang='grc' dir='ltr'><strong><em>ἡπιρλ</em></strong></span> <span class='ocrx_word' id='word_1_23' title='bbox 1191 623 1225 685; x_wconf 83' lang='grc' dir='ltr'><strong>τὰ</strong></span> <span class='ocrx_word' id='word_1_24' title='bbox 1246 647 1323 706; x_wconf 83' lang='grc' dir='ltr'><strong><em>πρω-</em></strong></span> 
     </span>
     <span class='ocr_line' id='line_1_4' title="bbox 224 733 1322 815; baseline 0.002 -19"><span class='ocrx_word' id='word_1_25' title='bbox 224 738 284 796; x_wconf 77' lang='grc' dir='ltr'><strong>τεῖα</strong></span> <span class='ocrx_word' id='word_1_26' title='bbox 300 733 450 815; x_wconf 81' lang='grc' dir='ltr'><strong><em>φιλοτιμία</em></strong></span> <span class='ocrx_word' id='word_1_27' title='bbox 464 737 516 796; x_wconf 85' lang='lat' dir='ltr'><strong>illc</strong></span> <span class='ocrx_word' id='word_1_28' title='bbox 529 742 623 810; x_wconf 87' lang='lat' dir='ltr'><strong>erent,</strong></span> <span class='ocrx_word' id='word_1_29' title='bbox 646 757 722 814; x_wconf 84' lang='lat' dir='ltr'><strong>quoe</strong></span> <span class='ocrx_word' id='word_1_30' title='bbox 742 737 860 813; x_wconf 80' lang='lat' dir='ltr'><strong>ingenis</strong></span> <span class='ocrx_word' id='word_1_31' title='bbox 881 737 996 796; x_wconf 82' lang='lat' dir='ltr'><strong>olerent</strong></span> <span class='ocrx_word' id='word_1_32' title='bbox 1011 741 1042 796; x_wconf 89' lang='lat' dir='ltr'><strong>et</strong></span> <span class='ocrx_word' id='word_1_33' title='bbox 1055 739 1220 797; x_wconf 74' lang='lat' dir='ltr'><strong>incitarent.</strong></span> <span class='ocrx_word' id='word_1_34' title='bbox 1242 738 1322 798; x_wconf 79' lang='lat' dir='ltr'><strong>Haec</strong></span> 
     </span>
     <span class='ocr_line' id='line_1_5' title="bbox 225 845 1322 926; baseline 0 -20"><span class='ocrx_word' id='word_1_35' title='bbox 225 851 381 926; x_wconf 84' lang='lat' dir='ltr'><strong>postquem</strong></span> <span class='ocrx_word' id='word_1_36' title='bbox 397 847 436 905; x_wconf 85' lang='lat' dir='ltr'><strong>ed</strong></span> <span class='ocrx_word' id='word_1_37' title='bbox 449 865 537 905; x_wconf 87' lang='lat' dir='ltr'><strong>unum</strong></span> <span class='ocrx_word' id='word_1_38' title='bbox 555 847 653 904; x_wconf 85' lang='lat' dir='ltr'><strong>omnic</strong></span> <span class='ocrx_word' id='word_1_39' title='bbox 668 845 763 904; x_wconf 83' lang='lat' dir='ltr'><strong>relst&#39;e</strong></span> <span class='ocrx_word' id='word_1_40' title='bbox 785 852 862 918; x_wconf 86' lang='lat' dir='ltr'><strong>sunt,</strong></span> <span class='ocrx_word' id='word_1_41' title='bbox 886 851 1078 917; x_wconf 84' lang='lat' dir='ltr'><strong>evanuerunt,</strong></span> <span class='ocrx_word' id='word_1_42' title='bbox 1099 845 1176 905; x_wconf 87' lang='lat' dir='ltr'><strong>hunc</strong></span> <span class='ocrx_word' id='word_1_43' title='bbox 1190 849 1322 923; x_wconf 89' lang='lat' dir='ltr'><strong>quietum</strong></span> 
     </span>
     <span class='ocr_line' id='line_1_6' title="bbox 225 949 1321 1035; baseline -0.002 -18"><span class='ocrx_word' id='word_1_44' title='bbox 225 959 354 1017; x_wconf 78' lang='lat' dir='ltr'><strong>civitatis</strong></span> <span class='ocrx_word' id='word_1_45' title='bbox 385 960 496 1015; x_wconf 87' lang='lat' dir='ltr'><strong>stetum</strong></span> <span class='ocrx_word' id='word_1_46' title='bbox 525 958 650 1032; x_wconf 84' lang='lat' dir='ltr'><strong>scriptor</strong></span> <span class='ocrx_word' id='word_1_47' title='bbox 673 951 727 1032; x_wconf 78' lang='grc' dir='ltr'><strong>τὴν</strong></span> <span class='ocrx_word' id='word_1_48' title='bbox 746 957 797 1032; x_wconf 81' lang='grc' dir='ltr'><strong>τῆς</strong></span> <span class='ocrx_word' id='word_1_49' title='bbox 819 949 986 1032; x_wconf 78' lang='grc' dir='ltr'><strong><em>οἰκουμένης</em></strong></span> <span class='ocrx_word' id='word_1_50' title='bbox 1006 951 1124 1033; x_wconf 79' lang='grc' dir='ltr'><em>εἰρήνην</em></span> <span class='ocrx_word' id='word_1_51' title='bbox 1145 952 1321 1035; x_wconf 80' lang='lat' dir='ltr'><strong>appellet¹).</strong></span> 
     </span>
    </p>

    <p class='ocr_par' dir='ltr' id='par_1_4' title="bbox 225 1065 1326 2666">
     <span class='ocr_line' id='line_1_7' title="bbox 325 1065 1322 1142; baseline -0.001 -16"><span class='ocrx_word' id='word_1_52' title='bbox 325 1067 457 1126; x_wconf 72' lang='lat' dir='ltr'><strong>Transeo</strong></span> <span class='ocrx_word' id='word_1_53' title='bbox 480 1065 518 1124; x_wconf 86' lang='lat' dir='ltr'><strong>ed</strong></span> <span class='ocrx_word' id='word_1_54' title='bbox 541 1071 677 1125; x_wconf 78' lang='lat' dir='ltr'><strong>suctores</strong></span> <span class='ocrx_word' id='word_1_55' title='bbox 699 1065 912 1141; x_wconf 77' lang='lat' dir='ltr'><strong>percensendus</strong></span> <span class='ocrx_word' id='word_1_56' title='bbox 934 1067 985 1142; x_wconf 90' lang='lat' dir='ltr'><strong>qui</strong></span> <span class='ocrx_word' id='word_1_57' title='bbox 1007 1067 1038 1125; x_wconf 87' lang='lat' dir='ltr'><strong>in</strong></span> <span class='ocrx_word' id='word_1_58' title='bbox 1058 1065 1157 1126; x_wconf 89' lang='lat' dir='ltr'><strong>libello</strong></span> <span class='ocrx_word' id='word_1_59' title='bbox 1179 1068 1322 1127; x_wconf 74' lang='lat' dir='ltr'><strong>nominati</strong></span> 
     </span>
     <span class='ocr_line' id='line_1_8' title="bbox 226 1175 1322 1253; baseline -0.001 -18"><span class='ocrx_word' id='word_1_60' title='bbox 226 1181 304 1236; x_wconf 91' lang='lat' dir='ltr'><strong>sunt.</strong></span> <span class='ocrx_word' id='word_1_61' title='bbox 348 1176 412 1248; x_wconf 78' lang='lat' dir='ltr'><strong>Quo</strong></span> <span class='ocrx_word' id='word_1_62' title='bbox 434 1177 465 1234; x_wconf 90' lang='lat' dir='ltr'><strong>in</strong></span> <span class='ocrx_word' id='word_1_63' title='bbox 486 1195 518 1234; x_wconf 91' lang='lat' dir='ltr'><strong>re</strong></span> <span class='ocrx_word' id='word_1_64' title='bbox 539 1176 570 1234; x_wconf 91' lang='lat' dir='ltr'><strong>id</strong></span> <span class='ocrx_word' id='word_1_65' title='bbox 592 1177 687 1253; x_wconf 89' lang='lat' dir='ltr'><strong>primo</strong></span> <span class='ocrx_word' id='word_1_66' title='bbox 708 1175 815 1234; x_wconf 88' lang='lat' dir='ltr'><strong>obtutu</strong></span> <span class='ocrx_word' id='word_1_67' title='bbox 836 1175 1080 1234; x_wconf 75' lang='lat' dir='ltr'><strong>animadvertitur</strong></span> <span class='ocrx_word' id='word_1_68' title='bbox 1101 1195 1152 1235; x_wconf 90' lang='lat' dir='ltr'><strong>eos</strong></span> <span class='ocrx_word' id='word_1_69' title='bbox 1172 1177 1211 1235; x_wconf 83' lang='lat' dir='ltr'><strong>ed</strong></span> <span class='ocrx_word' id='word_1_70' title='bbox 1231 1197 1322 1236; x_wconf 87' lang='lat' dir='ltr'><strong>unum</strong></span> 
     </span>
     <span class='ocr_line' id='line_1_9' title="bbox 226 1282 1322 1364; baseline 0.001 -20"><span class='ocrx_word' id='word_1_71' title='bbox 226 1306 325 1346; x_wconf 88' lang='lat' dir='ltr'><strong>omnes</strong></span> <span class='ocrx_word' id='word_1_72' title='bbox 347 1289 513 1363; x_wconf 79' lang='lat' dir='ltr'><strong>superiores</strong></span> <span class='ocrx_word' id='word_1_73' title='bbox 529 1305 592 1344; x_wconf 85' lang='lat' dir='ltr'><strong>esse</strong></span> <span class='ocrx_word' id='word_1_74' title='bbox 614 1291 713 1344; x_wconf 85' lang='lat' dir='ltr'><strong>eetste</strong></span> <span class='ocrx_word' id='word_1_75' title='bbox 737 1283 863 1344; x_wconf 77' lang='lat' dir='ltr'><strong>Caecilii.</strong></span> <span class='ocrx_word' id='word_1_76' title='bbox 907 1284 981 1343; x_wconf 84' lang='lat' dir='ltr'><strong>Nem</strong></span> <span class='ocrx_word' id='word_1_77' title='bbox 1003 1284 1189 1353; x_wconf 82' lang='lat' dir='ltr'><strong>Ammouinm</strong></span> <span class='ocrx_word' id='word_1_78' title='bbox 1211 1282 1253 1364; x_wconf 83' lang='lat' dir='ltr'><strong>(p.</strong></span> <span class='ocrx_word' id='word_1_79' title='bbox 1271 1288 1322 1362; x_wconf 88' lang='lat'><strong>31,</strong></span> 
     </span>
     <span class='ocr_line' id='line_1_10' title="bbox 228 1390 1323 1472; baseline 0.002 -20"><span class='ocrx_word' id='word_1_80' title='bbox 228 1393 280 1467; x_wconf 87' lang='lat'><strong>11)</strong></span> <span class='ocrx_word' id='word_1_81' title='bbox 303 1394 524 1454; x_wconf 76' lang='lat' dir='ltr'><strong>Aristarcheum</strong></span> <span class='ocrx_word' id='word_1_82' title='bbox 556 1414 619 1453; x_wconf 88' lang='lat' dir='ltr'><strong>esse</strong></span> <span class='ocrx_word' id='word_1_83' title='bbox 641 1392 752 1453; x_wconf 90' lang='lat' dir='ltr'><strong>dudum</strong></span> <span class='ocrx_word' id='word_1_84' title='bbox 786 1393 967 1453; x_wconf 87' lang='lat' dir='ltr'><strong>intellectum</strong></span> <span class='ocrx_word' id='word_1_85' title='bbox 990 1390 1081 1468; x_wconf 73' lang='lat' dir='ltr'><strong>osc2).</strong></span> <span class='ocrx_word' id='word_1_86' title='bbox 1125 1394 1225 1471; x_wconf 78' lang='lat' dir='ltr'><strong>Atque</strong></span> <span class='ocrx_word' id='word_1_87' title='bbox 1244 1395 1323 1472; x_wconf 87' lang='lat' dir='ltr'><strong>qnod</strong></span> 
     </span>
     <span class='ocr_line' id='line_1_11' title="bbox 226 1502 1323 1580; baseline 0.001 -18"><span class='ocrx_word' id='word_1_88' title='bbox 226 1503 264 1562; x_wconf 80' lang='lat' dir='ltr'><strong>cd</strong></span> <span class='ocrx_word' id='word_1_89' title='bbox 285 1507 347 1563; x_wconf 80' lang='lat' dir='ltr'><strong>eins</strong></span> <span class='ocrx_word' id='word_1_90' title='bbox 371 1502 478 1562; x_wconf 89' lang='lat' dir='ltr'><strong>librum</strong></span> <span class='ocrx_word' id='word_1_91' title='bbox 500 1509 535 1561; x_wconf 90' lang='lat' dir='ltr'><strong>ut</strong></span> <span class='ocrx_word' id='word_1_92' title='bbox 549 1504 638 1579; x_wconf 83' lang='lat' dir='ltr'><strong>uulgo</strong></span> <span class='ocrx_word' id='word_1_93' title='bbox 660 1506 763 1562; x_wconf 87' lang='lat' dir='ltr'><strong>notum</strong></span> <span class='ocrx_word' id='word_1_94' title='bbox 782 1503 975 1562; x_wconf 88' lang='lat' dir='ltr'><strong>remittuntur</strong></span> <span class='ocrx_word' id='word_1_95' title='bbox 997 1503 1130 1575; x_wconf 88' lang='lat' dir='ltr'><strong>lectores,</strong></span> <span class='ocrx_word' id='word_1_96' title='bbox 1153 1503 1183 1561; x_wconf 91' lang='lat' dir='ltr'><strong>id</strong></span> <span class='ocrx_word' id='word_1_97' title='bbox 1206 1523 1323 1580; x_wconf 90' lang='lat' dir='ltr'><strong>quoque</strong></span> 
     </span>
     <span class='ocr_line' id='line_1_12' title="bbox 226 1609 1322 1690; baseline 0.001 -19"><span class='ocrx_word' id='word_1_98' title='bbox 226 1612 265 1672; x_wconf 81' lang='lat' dir='ltr'><strong>sb</strong></span> <span class='ocrx_word' id='word_1_99' title='bbox 285 1612 472 1672; x_wconf 83' lang='lat' dir='ltr'><strong>inferioribus</strong></span> <span class='ocrx_word' id='word_1_100' title='bbox 494 1612 676 1690; x_wconf 84' lang='lat' dir='ltr'><strong>temporibus</strong></span> <span class='ocrx_word' id='word_1_101' title='bbox 698 1631 751 1671; x_wconf 89' lang='lat' dir='ltr'><strong>nos</strong></span> <span class='ocrx_word' id='word_1_102' title='bbox 771 1617 890 1670; x_wconf 84' lang='lat' dir='ltr'><strong>revocet</strong></span> <span class='ocrx_word' id='word_1_103' title='bbox 898 1609 932 1684; x_wconf 75' lang='lat'><strong>³).</strong></span> <span class='ocrx_word' id='word_1_104' title='bbox 955 1611 1075 1671; x_wconf 77' lang='lat' dir='ltr'><strong>Accedit</strong></span> <span class='ocrx_word' id='word_1_105' title='bbox 1094 1613 1175 1672; x_wconf 91' lang='lat' dir='ltr'><strong>locus</strong></span> <span class='ocrx_word' id='word_1_106' title='bbox 1197 1613 1233 1672; x_wconf 87' lang='lat' dir='ltr'><strong>de</strong></span> <span class='ocrx_word' id='word_1_107' title='bbox 1247 1611 1322 1672; x_wconf 84' lang='lat' dir='ltr'><strong>Gor·</strong></span> 
     </span>
     <span class='ocr_line' id='line_1_13' title="bbox 225 1721 1322 1801; baseline 0.003 -23"><span class='ocrx_word' id='word_1_108' title='bbox 225 1725 275 1798; x_wconf 79' lang='lat' dir='ltr'><strong>gic</strong></span> <span class='ocrx_word' id='word_1_109' title='bbox 296 1743 324 1799; x_wconf 91' lang='lat' dir='ltr'><strong>p.</strong></span> <span class='ocrx_word' id='word_1_110' title='bbox 343 1724 392 1791; x_wconf 82' lang='lat'><strong>12,</strong></span> <span class='ocrx_word' id='word_1_111' title='bbox 418 1723 456 1780; x_wconf 82' lang='lat'><strong>19</strong></span> <span class='ocrx_word' id='word_1_112' title='bbox 478 1725 655 1800; x_wconf 74' lang='lat' dir='ltr'><strong>vituperato.</strong></span> <span class='ocrx_word' id='word_1_113' title='bbox 678 1721 753 1780; x_wconf 85' lang='lat' dir='ltr'><strong>Nem</strong></span> <span class='ocrx_word' id='word_1_114' title='bbox 774 1724 802 1780; x_wconf 88' lang='lat' dir='ltr'><strong>ei</strong></span> <span class='ocrx_word' id='word_1_115' title='bbox 823 1727 925 1781; x_wconf 83' lang='lat' dir='ltr'><strong>contre</strong></span> <span class='ocrx_word' id='word_1_116' title='bbox 948 1741 1034 1780; x_wconf 86' lang='lat' dir='ltr'><strong>usum</strong></span> <span class='ocrx_word' id='word_1_117' title='bbox 1055 1724 1151 1780; x_wconf 80' lang='lat' dir='ltr'><strong>nostri</strong></span> <span class='ocrx_word' id='word_1_118' title='bbox 1170 1723 1322 1801; x_wconf 88' lang='lat' dir='ltr'><strong>scriptoris</strong></span> 
     </span>
     <span class='ocr_line' id='line_1_14' title="bbox 226 1823 1322 1907; baseline 0.001 -19"><span class='ocrx_word' id='word_1_119' title='bbox 226 1833 341 1907; x_wconf 73' lang='lat' dir='ltr'><strong>patriae</strong></span> <span class='ocrx_word' id='word_1_120' title='bbox 361 1829 444 1890; x_wconf 88' lang='lat' dir='ltr'><strong>urbis</strong></span> <span class='ocrx_word' id='word_1_121' title='bbox 476 1850 581 1889; x_wconf 89' lang='lat' dir='ltr'><strong>nomen</strong></span> <span class='ocrx_word' id='word_1_122' title='bbox 611 1829 742 1889; x_wconf 79' lang='lat' dir='ltr'><strong>additum</strong></span> <span class='ocrx_word' id='word_1_123' title='bbox 762 1836 827 1889; x_wconf 88' lang='lat' dir='ltr'><strong>est:</strong></span> <span class='ocrx_word' id='word_1_124' title='bbox 859 1823 1053 1899; x_wconf 77' lang='grc' dir='ltr'><strong><em>ὄΛιοκτῖιος</em></strong></span> <span class='ocrx_word' id='word_1_125' title='bbox 1075 1825 1205 1906; x_wconf 75' lang='grc' dir='ltr'><strong><em>Γοργίας.</em></strong></span> <span class='ocrx_word' id='word_1_126' title='bbox 1249 1828 1322 1889; x_wconf 84' lang='lat' dir='ltr'><strong>Gom</strong></span> 
     </span>
     <span class='ocr_line' id='line_1_15' title="bbox 225 1939 1323 2017; baseline 0 -19"><span class='ocrx_word' id='word_1_127' title='bbox 225 1941 320 2016; x_wconf 83' lang='lat' dir='ltr'><strong>igitur</strong></span> <span class='ocrx_word' id='word_1_128' title='bbox 333 1959 388 2017; x_wconf 91' lang='lat' dir='ltr'><strong>per</strong></span> <span class='ocrx_word' id='word_1_129' title='bbox 402 1959 434 1998; x_wconf 92' lang='lat' dir='ltr'><strong>se</strong></span> <span class='ocrx_word' id='word_1_130' title='bbox 452 1942 622 2000; x_wconf 88' lang='lat' dir='ltr'><strong>notissimus</strong></span> <span class='ocrx_word' id='word_1_131' title='bbox 644 1946 723 2000; x_wconf 89' lang='lat' dir='ltr'><strong>esset</strong></span> <span class='ocrx_word' id='word_1_132' title='bbox 751 1941 801 1999; x_wconf 92' lang='lat' dir='ltr'><strong>ille</strong></span> <span class='ocrx_word' id='word_1_133' title='bbox 822 1939 934 2010; x_wconf 83' lang='lat' dir='ltr'><strong>rhetor,</strong></span> <span class='ocrx_word' id='word_1_134' title='bbox 959 1960 994 1998; x_wconf 86' lang='lat' dir='ltr'><strong>ee</strong></span> <span class='ocrx_word' id='word_1_135' title='bbox 1015 1959 1104 2000; x_wconf 72' lang='lat' dir='ltr'><strong>muse</strong></span> <span class='ocrx_word' id='word_1_136' title='bbox 1124 1939 1200 1998; x_wconf 83' lang='lat' dir='ltr'><strong>hene</strong></span> <span class='ocrx_word' id='word_1_137' title='bbox 1220 1959 1323 2017; x_wconf 80' lang='lat' dir='ltr'><strong>excep·</strong></span> 
     </span>
     <span class='ocr_line' id='line_1_16' title="bbox 227 2047 1323 2126; baseline 0.003 -19"><span class='ocrx_word' id='word_1_138' title='bbox 227 2051 336 2108; x_wconf 90' lang='lat' dir='ltr'><strong>tionem</strong></span> <span class='ocrx_word' id='word_1_139' title='bbox 358 2049 509 2108; x_wconf 75' lang='lat' dir='ltr'><strong>admisisse</strong></span> <span class='ocrx_word' id='word_1_140' title='bbox 545 2052 673 2126; x_wconf 76' lang='lat' dir='ltr'><strong>scriptor</strong></span> <span class='ocrx_word' id='word_1_141' title='bbox 692 2049 819 2120; x_wconf 84' lang='lat' dir='ltr'><strong>videtur,</strong></span> <span class='ocrx_word' id='word_1_142' title='bbox 851 2055 885 2109; x_wconf 88' lang='lat' dir='ltr'><strong>nt</strong></span> <span class='ocrx_word' id='word_1_143' title='bbox 906 2047 1082 2108; x_wconf 86' lang='lat' dir='ltr'><strong>Leontinum</strong></span> <span class='ocrx_word' id='word_1_144' title='bbox 1106 2049 1144 2107; x_wconf 85' lang='lat' dir='ltr'><strong>eh</strong></span> <span class='ocrx_word' id='word_1_145' title='bbox 1167 2048 1224 2108; x_wconf 83' lang='lat' dir='ltr'><strong>elic</strong></span> <span class='ocrx_word' id='word_1_146' title='bbox 1246 2052 1323 2110; x_wconf 88' lang='lat' dir='ltr'><strong>eins·</strong></span> 
     </span>
     <span class='ocr_line' id='line_1_17' title="bbox 226 2155 1323 2234; baseline 0 -18"><span class='ocrx_word' id='word_1_147' title='bbox 226 2156 292 2216; x_wconf 88' lang='lat' dir='ltr'><strong>dem</strong></span> <span class='ocrx_word' id='word_1_148' title='bbox 314 2159 438 2216; x_wconf 87' lang='lat' dir='ltr'><strong>nominis</strong></span> <span class='ocrx_word' id='word_1_149' title='bbox 459 2162 580 2217; x_wconf 72' lang='lat' dir='ltr'><strong>auctore</strong></span> <span class='ocrx_word' id='word_1_150' title='bbox 601 2158 788 2217; x_wconf 72' lang='lat' dir='ltr'><strong>discerneret.</strong></span> <span class='ocrx_word' id='word_1_151' title='bbox 812 2159 852 2216; x_wconf 88' lang='lat' dir='ltr'><strong>Et</strong></span> <span class='ocrx_word' id='word_1_152' title='bbox 875 2160 934 2217; x_wconf 83' lang='lat' dir='ltr'><strong>fnit</strong></span> <span class='ocrx_word' id='word_1_153' title='bbox 955 2157 1031 2216; x_wconf 83' lang='lat' dir='ltr'><strong>clius</strong></span> <span class='ocrx_word' id='word_1_154' title='bbox 1052 2177 1084 2216; x_wconf 85' lang='lat' dir='ltr'><strong>re</strong></span> <span class='ocrx_word' id='word_1_155' title='bbox 1105 2177 1175 2218; x_wconf 84' lang='lat' dir='ltr'><strong>vere</strong></span> <span class='ocrx_word' id='word_1_156' title='bbox 1198 2155 1323 2234; x_wconf 77' lang='lat' dir='ltr'><strong>Gorgion</strong></span> 
     </span>
     <span class='ocr_line' id='line_1_18' title="bbox 227 2246 1323 2342; baseline 0.001 -20"><span class='ocrx_word' id='word_1_157' title='bbox 227 2265 329 2324; x_wconf 86' lang='lat' dir='ltr'><strong>rhetor</strong></span> <span class='ocrx_word' id='word_1_158' title='bbox 349 2264 534 2342; x_wconf 85' lang='lat' dir='ltr'><strong>temporibus</strong></span> <span class='ocrx_word' id='word_1_159' title='bbox 557 2246 708 2325; x_wconf 81' lang='lat' dir='ltr'><strong>Ciceronis</strong></span> <span class='ocrx_word' id='word_1_160' title='bbox 729 2269 812 2325; x_wconf 87' lang='lat' dir='ltr'><strong>cuius</strong></span> <span class='ocrx_word' id='word_1_161' title='bbox 834 2266 927 2324; x_wconf 86' lang='lat' dir='ltr'><strong>filium</strong></span> <span class='ocrx_word' id='word_1_162' title='bbox 948 2261 1095 2338; x_wconf 85' lang='lat' dir='ltr'><strong>docuit⁴).</strong></span> <span class='ocrx_word' id='word_1_163' title='bbox 1138 2265 1234 2324; x_wconf 87' lang='lat' dir='ltr'><strong>Huius</strong></span> <span class='ocrx_word' id='word_1_164' title='bbox 1254 2285 1323 2325; x_wconf 83' lang='lat' dir='ltr'><strong>vero</strong></span> 
     </span>
     <span class='ocr_line' id='line_1_19' title="bbox 229 2369 1322 2452; baseline 0.001 -21"><span class='ocrx_word' id='word_1_165' title='bbox 229 2371 355 2450; x_wconf 73' lang='lat' dir='ltr'><strong>Gorgiae</strong></span> <span class='ocrx_word' id='word_1_166' title='bbox 370 2376 510 2432; x_wconf 82' lang='lat' dir='ltr'><strong>memoria</strong></span> <span class='ocrx_word' id='word_1_167' title='bbox 525 2374 700 2446; x_wconf 80' lang='lat' dir='ltr'><strong>Quintiliani</strong></span> <span class='ocrx_word' id='word_1_168' title='bbox 719 2380 819 2435; x_wconf 83' lang='lat' dir='ltr'><strong>oetete</strong></span> <span class='ocrx_word' id='word_1_169' title='bbox 842 2376 900 2433; x_wconf 84' lang='lat' dir='ltr'><strong>ism</strong></span> <span class='ocrx_word' id='word_1_170' title='bbox 915 2393 1009 2452; x_wconf 78' lang='lat' dir='ltr'><strong>poene</strong></span> <span class='ocrx_word' id='word_1_171' title='bbox 1028 2379 1094 2433; x_wconf 82' lang='lat' dir='ltr'><strong>eret</strong></span> <span class='ocrx_word' id='word_1_172' title='bbox 1107 2369 1322 2448; x_wconf 82' lang='lat' dir='ltr'><strong>oblitteretc⁶),</strong></span> 
     </span>
     <span class='ocr_line' id='line_1_20' title="bbox 228 2481 1326 2562; baseline 0.001 -22"><span class='ocrx_word' id='word_1_173' title='bbox 228 2488 263 2541; x_wconf 92' lang='lat' dir='ltr'><strong>ut</strong></span> <span class='ocrx_word' id='word_1_174' title='bbox 285 2484 372 2541; x_wconf 88' lang='lat' dir='ltr'><strong>etiem</strong></span> <span class='ocrx_word' id='word_1_175' title='bbox 393 2481 465 2542; x_wconf 80' lang='lat' dir='ltr'><strong>hoec</strong></span> <span class='ocrx_word' id='word_1_176' title='bbox 487 2483 581 2542; x_wconf 90' lang='lat' dir='ltr'><strong>multo</strong></span> <span class='ocrx_word' id='word_1_177' title='bbox 606 2486 735 2562; x_wconf 89' lang='lat' dir='ltr'><strong>priorem</strong></span> <span class='ocrx_word' id='word_1_178' title='bbox 757 2483 960 2544; x_wconf 84' lang='lat' dir='ltr'><strong>commendent</strong></span> <span class='ocrx_word' id='word_1_179' title='bbox 980 2487 1117 2553; x_wconf 84' lang='lat' dir='ltr'><strong>cetetem,</strong></span> <span class='ocrx_word' id='word_1_180' title='bbox 1140 2503 1229 2560; x_wconf 83' lang='lat' dir='ltr'><strong>quem</strong></span> <span class='ocrx_word' id='word_1_181' title='bbox 1251 2502 1326 2559; x_wconf 84' lang='lat' dir='ltr'><strong>quse</strong></span> 
     </span>
     <span class='ocr_line' id='line_1_21' title="bbox 226 2590 556 2666; baseline 0.009 -19"><span class='ocrx_word' id='word_1_182' title='bbox 226 2591 338 2666; x_wconf 72' lang='lat' dir='ltr'><strong>placuit</strong></span> <span class='ocrx_word' id='word_1_183' title='bbox 360 2590 556 2650; x_wconf 82' lang='lat' dir='ltr'><strong>Buchenevio.</strong></span> 
     </span>
    </p>

    <p class='ocr_par' dir='ltr' id='par_1_5' title="bbox 226 2698 1326 3324">
     <span class='ocr_line' id='line_1_22' title="bbox 327 2698 1325 2776; baseline -0.002 -18"><span class='ocrx_word' id='word_1_184' title='bbox 327 2699 373 2758; x_wconf 82' lang='lat' dir='ltr'><strong>Ex</strong></span> <span class='ocrx_word' id='word_1_185' title='bbox 393 2700 489 2759; x_wconf 77' lang='lat' dir='ltr'><strong>altero</strong></span> <span class='ocrx_word' id='word_1_186' title='bbox 511 2705 596 2776; x_wconf 83' lang='lat' dir='ltr'><strong>perte</strong></span> <span class='ocrx_word' id='word_1_187' title='bbox 619 2719 676 2758; x_wconf 91' lang='lat' dir='ltr'><strong>non</strong></span> <span class='ocrx_word' id='word_1_188' title='bbox 695 2700 812 2776; x_wconf 89' lang='lat' dir='ltr'><strong>quidem</strong></span> <span class='ocrx_word' id='word_1_189' title='bbox 827 2699 950 2759; x_wconf 81' lang='lat' dir='ltr'><strong>offendit</strong></span> <span class='ocrx_word' id='word_1_190' title='bbox 963 2698 1108 2758; x_wconf 85' lang='lat' dir='ltr'><strong>Theodori</strong></span> <span class='ocrx_word' id='word_1_191' title='bbox 1130 2718 1234 2758; x_wconf 92' lang='lat' dir='ltr'><strong>nomen</strong></span> <span class='ocrx_word' id='word_1_192' title='bbox 1248 2698 1325 2757; x_wconf 87' lang='lat' dir='ltr'><strong>nude</strong></span> 
     </span>
     <span class='ocr_line' id='line_1_23' title="bbox 226 2807 1325 2887; baseline -0.003 -20"><span class='ocrx_word' id='word_1_193' title='bbox 226 2810 355 2887; x_wconf 88' lang='lat' dir='ltr'><strong>positum</strong></span> <span class='ocrx_word' id='word_1_194' title='bbox 377 2831 405 2886; x_wconf 90' lang='lat' dir='ltr'><strong>p.</strong></span> <span class='ocrx_word' id='word_1_195' title='bbox 430 2809 478 2886; x_wconf 86' lang='lat'><strong>13,</strong></span> <span class='ocrx_word' id='word_1_196' title='bbox 504 2807 591 2880; x_wconf 80' lang='lat'><strong>19⁶),</strong></span> <span class='ocrx_word' id='word_1_197' title='bbox 620 2829 684 2868; x_wconf 87' lang='lat' dir='ltr'><strong>cum</strong></span> <span class='ocrx_word' id='word_1_198' title='bbox 707 2807 871 2868; x_wconf 76' lang='lat' dir='ltr'><strong>Gadareum</strong></span> <span class='ocrx_word' id='word_1_199' title='bbox 906 2809 1054 2868; x_wconf 87' lang='lat' dir='ltr'><strong>rhetorem</strong></span> <span class='ocrx_word' id='word_1_200' title='bbox 1076 2807 1132 2866; x_wconf 90' lang='lat' dir='ltr'><strong>dici</strong></span> <span class='ocrx_word' id='word_1_201' title='bbox 1153 2807 1325 2866; x_wconf 89' lang='lat' dir='ltr'><strong>nobilissimi</strong></span> 
     </span>
     <span class='ocr_line' id='line_1_24' title="bbox 227 2890 1325 2994; baseline -0.001 -21"><span class='ocrx_word' id='word_1_202' title='bbox 227 2921 324 2976; x_wconf 88' lang='lat' dir='ltr'><strong>seotee</strong></span> <span class='ocrx_word' id='word_1_203' title='bbox 351 2921 500 2976; x_wconf 82' lang='lat' dir='ltr'><strong>auctorem</strong></span> <span class='ocrx_word' id='word_1_204' title='bbox 524 2923 636 2977; x_wconf 89' lang='lat' dir='ltr'><strong>certum</strong></span> <span class='ocrx_word' id='word_1_205' title='bbox 656 2920 696 2977; x_wconf 88' lang='lat' dir='ltr'><strong>sit</strong></span> <span class='ocrx_word' id='word_1_206' title='bbox 708 2910 744 2994; x_wconf 78' lang='lat'><strong>⁷).</strong></span> <span class='ocrx_word' id='word_1_207' title='bbox 772 2917 923 2976; x_wconf 74' lang='lat' dir='ltr'><strong>Gravioris</strong></span> <span class='ocrx_word' id='word_1_208' title='bbox 946 2890 1084 2976; x_wconf 80' lang='lat' dir='ltr'><strong>momenti</strong></span> <span class='ocrx_word' id='word_1_209' title='bbox 1103 2916 1158 2974; x_wconf 91' lang='lat' dir='ltr'><strong>hcc</strong></span> <span class='ocrx_word' id='word_1_210' title='bbox 1179 2914 1325 2991; x_wconf 89' lang='lat' dir='ltr'><strong>estquod</strong></span> 
     </span>
     <span class='ocr_line' id='line_1_25' title="bbox 229 3024 1325 3103; baseline 0 -21"><span class='ocrx_word' id='word_1_211' title='bbox 229 3027 356 3084; x_wconf 91' lang='lat' dir='ltr'><strong>omnium</strong></span> <span class='ocrx_word' id='word_1_212' title='bbox 384 3029 437 3101; x_wconf 89' lang='lat' dir='ltr'><strong>qui</strong></span> <span class='ocrx_word' id='word_1_213' title='bbox 457 3025 588 3103; x_wconf 82' lang='lat' dir='ltr'><strong>Augusti</strong></span> <span class='ocrx_word' id='word_1_214' title='bbox 620 3031 718 3085; x_wconf 81' lang='lat' dir='ltr'><strong>estote</strong></span> <span class='ocrx_word' id='word_1_215' title='bbox 738 3025 904 3085; x_wconf 88' lang='lat' dir='ltr'><strong>floruerunt</strong></span> <span class='ocrx_word' id='word_1_216' title='bbox 928 3026 1091 3097; x_wconf 89' lang='lat' dir='ltr'><strong>rhetorum,</strong></span> <span class='ocrx_word' id='word_1_217' title='bbox 1123 3027 1148 3084; x_wconf 88' lang='lat' dir='ltr'><strong>si</strong></span> <span class='ocrx_word' id='word_1_218' title='bbox 1170 3024 1325 3084; x_wconf 77' lang='lat' dir='ltr'><strong>Caecilium</strong></span> 
     </span>
     <span class='ocr_line' id='line_1_26' title="bbox 228 3133 1325 3212; baseline -0.002 -20"><span class='ocrx_word' id='word_1_219' title='bbox 228 3137 386 3212; x_wconf 85' lang='lat' dir='ltr'><strong>exceperis,</strong></span> <span class='ocrx_word' id='word_1_220' title='bbox 407 3155 483 3195; x_wconf 88' lang='lat' dir='ltr'><strong>unns</strong></span> <span class='ocrx_word' id='word_1_221' title='bbox 505 3135 677 3194; x_wconf 86' lang='lat' dir='ltr'><strong>Theodorus</strong></span> <span class='ocrx_word' id='word_1_222' title='bbox 710 3140 756 3194; x_wconf 92' lang='lat' dir='ltr'><strong>est</strong></span> <span class='ocrx_word' id='word_1_223' title='bbox 774 3137 952 3194; x_wconf 80' lang='lat' dir='ltr'><strong>nominatus.</strong></span> <span class='ocrx_word' id='word_1_224' title='bbox 995 3133 1117 3193; x_wconf 86' lang='lat' dir='ltr'><strong>Accedit</strong></span> <span class='ocrx_word' id='word_1_225' title='bbox 1138 3133 1217 3211; x_wconf 91' lang='lat' dir='ltr'><strong>quod</strong></span> <span class='ocrx_word' id='word_1_226' title='bbox 1238 3133 1325 3192; x_wconf 88' lang='lat' dir='ltr'><strong>huius</strong></span> 
     </span>
     <span class='ocr_line' id='line_1_27' title="bbox 227 3241 1326 3324; baseline -0.002 -23"><span class='ocrx_word' id='word_1_227' title='bbox 227 3247 404 3304; x_wconf 77' lang='lat' dir='ltr'><strong>sententiam</strong></span> <span class='ocrx_word' id='word_1_228' title='bbox 426 3265 484 3304; x_wconf 88' lang='lat' dir='ltr'><strong>non</strong></span> <span class='ocrx_word' id='word_1_229' title='bbox 505 3246 600 3305; x_wconf 89' lang='lat' dir='ltr'><strong>solum</strong></span> <span class='ocrx_word' id='word_1_230' title='bbox 619 3246 726 3324; x_wconf 87' lang='lat' dir='ltr'><strong>recipit</strong></span> <span class='ocrx_word' id='word_1_231' title='bbox 746 3247 881 3323; x_wconf 86' lang='lat' dir='ltr'><strong>scriptor,</strong></span> <span class='ocrx_word' id='word_1_232' title='bbox 903 3245 1062 3304; x_wconf 76' lang='lat' dir='ltr'><strong>sedetiam</strong></span> <span class='ocrx_word' id='word_1_233' title='bbox 1083 3246 1127 3304; x_wconf 85' lang='lat' dir='ltr'><strong>ite</strong></span> <span class='ocrx_word' id='word_1_234' title='bbox 1147 3241 1260 3313; x_wconf 81' lang='lat' dir='ltr'><strong>leudst,</strong></span> <span class='ocrx_word' id='word_1_235' title='bbox 1292 3245 1326 3300; x_wconf 89' lang='lat' dir='ltr'><strong>ut</strong></span> 
     </span>
    </p>
   </div>
   <div class='ocr_carea' id='block_1_4' title="bbox 228 3460 1326 4303">
    <p class='ocr_par' dir='ltr' id='par_1_6' title="bbox 329 3460 1100 3535">
     <span class='ocr_line' id='line_1_28' title="bbox 329 3460 1100 3535; baseline 0 -17"><span class='ocrx_word' id='word_1_236' title='bbox 329 3464 354 3533; x_wconf 90' lang='lat' dir='ltr'><strong>l)</strong></span> <span class='ocrx_word' id='word_1_237' title='bbox 372 3463 480 3518; x_wconf 73' lang='lat' dir='ltr'><strong>Similia</strong></span> <span class='ocrx_word' id='word_1_238' title='bbox 497 3465 590 3520; x_wconf 80' lang='lat' dir='ltr'><strong>videas</strong></span> <span class='ocrx_word' id='word_1_239' title='bbox 607 3466 682 3535; x_wconf 83' lang='lat' dir='ltr'><strong>opud</strong></span> <span class='ocrx_word' id='word_1_240' title='bbox 701 3465 829 3520; x_wconf 73' lang='lat' dir='ltr'><strong>Tacitum</strong></span> <span class='ocrx_word' id='word_1_241' title='bbox 845 3460 910 3520; x_wconf 81' lang='lat' dir='ltr'><strong>dicl.</strong></span> <span class='ocrx_word' id='word_1_242' title='bbox 929 3481 988 3534; x_wconf 82' lang='lat' dir='ltr'><strong>cop.</strong></span> <span class='ocrx_word' id='word_1_243' title='bbox 1008 3466 1043 3520; x_wconf 81' lang='grc'><strong>36</strong></span> <span class='ocrx_word' id='word_1_244' title='bbox 1061 3463 1100 3518; x_wconf 89' lang='lat' dir='ltr'><strong>in.</strong></span> 
     </span>
    </p>

    <p class='ocr_par' dir='ltr' id='par_1_7' title="bbox 328 3559 941 3630">
     <span class='ocr_line' id='line_1_29' title="bbox 328 3559 941 3630; baseline 0.002 -17"><span class='ocrx_word' id='word_1_245' title='bbox 328 3559 356 3629; x_wconf 90' lang='grc'><strong>2)</strong></span> <span class='ocrx_word' id='word_1_246' title='bbox 374 3560 409 3614; x_wconf 83' lang='lat' dir='ltr'><strong>cf.</strong></span> <span class='ocrx_word' id='word_1_247' title='bbox 428 3561 545 3630; x_wconf 88' lang='lat' dir='ltr'><strong>Roeper,</strong></span> <span class='ocrx_word' id='word_1_248' title='bbox 563 3561 594 3614; x_wconf 91' lang='lat' dir='ltr'><strong>in</strong></span> <span class='ocrx_word' id='word_1_249' title='bbox 612 3561 708 3630; x_wconf 88' lang='lat' dir='ltr'><strong>philol.</strong></span> <span class='ocrx_word' id='word_1_250' title='bbox 727 3561 779 3616; x_wconf 88' lang='lat' dir='ltr'><strong>vol.</strong></span> <span class='ocrx_word' id='word_1_251' title='bbox 801 3561 814 3614; x_wconf 95' lang='lat'>1</span> <span class='ocrx_word' id='word_1_252' title='bbox 833 3579 859 3629; x_wconf 90' lang='lat' dir='ltr'><strong>p.</strong></span> <span class='ocrx_word' id='word_1_253' title='bbox 880 3562 941 3614; x_wconf 76' lang='lat'><strong>680.</strong></span> 
     </span>
    </p>

    <p class='ocr_par' dir='ltr' id='par_1_8' title="bbox 327 3655 654 3725">
     <span class='ocr_line' id='line_1_30' title="bbox 327 3655 654 3725; baseline 0 -15"><span class='ocrx_word' id='word_1_254' title='bbox 327 3659 354 3722; x_wconf 83' lang='lat'><strong>3)</strong></span> <span class='ocrx_word' id='word_1_255' title='bbox 370 3657 406 3710; x_wconf 84' lang='lat' dir='ltr'><strong>cl.</strong></span> <span class='ocrx_word' id='word_1_256' title='bbox 424 3655 544 3710; x_wconf 86' lang='lat' dir='ltr'><strong>Buchen.</strong></span> <span class='ocrx_word' id='word_1_257' title='bbox 558 3674 591 3725; x_wconf 83' lang='lat' dir='ltr'><strong>p.</strong></span> <span class='ocrx_word' id='word_1_258' title='bbox 611 3658 654 3710; x_wconf 81' lang='grc'><strong>53.</strong></span> 
     </span>
    </p>

    <p class='ocr_par' dir='ltr' id='par_1_9' title="bbox 327 3751 679 3822">
     <span class='ocr_line' id='line_1_31' title="bbox 327 3751 679 3822; baseline 0.009 -18"><span class='ocrx_word' id='word_1_259' title='bbox 327 3751 354 3820; x_wconf 81' lang='grc'><strong>4)</strong></span> <span class='ocrx_word' id='word_1_260' title='bbox 372 3751 427 3807; x_wconf 81' lang='lat' dir='ltr'><strong>cie.</strong></span> <span class='ocrx_word' id='word_1_261' title='bbox 446 3769 490 3822; x_wconf 89' lang='lat' dir='ltr'><strong>ep.</strong></span> <span class='ocrx_word' id='word_1_262' title='bbox 507 3752 571 3807; x_wconf 88' lang='lat' dir='ltr'><strong>XVl</strong></span> <span class='ocrx_word' id='word_1_263' title='bbox 588 3754 632 3819; x_wconf 84' lang='lat'><strong>21,</strong></span> <span class='ocrx_word' id='word_1_264' title='bbox 654 3755 679 3807; x_wconf 87' lang='grc'><strong>6.</strong></span> 
     </span>
    </p>

    <p class='ocr_par' dir='ltr' id='par_1_10' title="bbox 228 3845 1326 4014">
     <span class='ocr_line' id='line_1_32' title="bbox 328 3845 1326 3918; baseline -0.002 -18"><span class='ocrx_word' id='word_1_265' title='bbox 328 3847 355 3916; x_wconf 82' lang='grc'><strong>5)</strong></span> <span class='ocrx_word' id='word_1_266' title='bbox 373 3847 407 3904; x_wconf 85' lang='lat' dir='ltr'><strong>cl.</strong></span> <span class='ocrx_word' id='word_1_267' title='bbox 424 3846 463 3901; x_wconf 90' lang='lat' dir='ltr'><strong>IX</strong></span> <span class='ocrx_word' id='word_1_268' title='bbox 482 3850 507 3912; x_wconf 89' lang='grc'><strong>2,</strong></span> <span class='ocrx_word' id='word_1_269' title='bbox 528 3849 578 3901; x_wconf 89' lang='grc'><strong>102</strong></span> <span class='ocrx_word' id='word_1_270' title='bbox 591 3847 713 3903; x_wconf 89' lang='lat' dir='ltr'><strong>Rutilius</strong></span> <span class='ocrx_word' id='word_1_271' title='bbox 725 3848 849 3918; x_wconf 79' lang='lat' dir='ltr'><strong>Gorgian</strong></span> <span class='ocrx_word' id='word_1_272' title='bbox 868 3853 977 3904; x_wconf 79' lang='lat' dir='ltr'><strong>secutus</strong></span> <span class='ocrx_word' id='word_1_273' title='bbox 994 3865 1050 3902; x_wconf 93' lang='lat' dir='ltr'><strong>non</strong></span> <span class='ocrx_word' id='word_1_274' title='bbox 1061 3847 1139 3900; x_wconf 90' lang='lat' dir='ltr'><strong>illum</strong></span> <span class='ocrx_word' id='word_1_275' title='bbox 1150 3845 1326 3913; x_wconf 87' lang='lat' dir='ltr'><strong>Leontinum,</strong></span> 
     </span>
     <span class='ocr_line' id='line_1_33' title="bbox 228 3940 600 4014; baseline 0.005 -19"><span class='ocrx_word' id='word_1_276' title='bbox 228 3940 277 3996; x_wconf 88' lang='lat' dir='ltr'><strong>sed</strong></span> <span class='ocrx_word' id='word_1_277' title='bbox 295 3943 380 3997; x_wconf 80' lang='lat' dir='ltr'><strong>aliurn</strong></span> <span class='ocrx_word' id='word_1_278' title='bbox 398 3945 441 3998; x_wconf 88' lang='lat' dir='ltr'><strong>eui</strong></span> <span class='ocrx_word' id='word_1_279' title='bbox 458 3945 600 4014; x_wconf 88' lang='lat' dir='ltr'><strong>temporis.</strong></span> 
     </span>
    </p>

    <p class='ocr_par' dir='ltr' id='par_1_11' title="bbox 228 4020 1326 4206">
     <span class='ocr_line' id='line_1_34' title="bbox 330 4020 1326 4112; baseline -0.004 -18"><span class='ocrx_word' id='word_1_280' title='bbox 330 4039 358 4109; x_wconf 87' lang='grc'><strong>6)</strong></span> <span class='ocrx_word' id='word_1_281' title='bbox 376 4033 461 4110; x_wconf 71' lang='grc' dir='ltr'><strong><em>τούτῳ</em></strong></span> <span class='ocrx_word' id='word_1_282' title='bbox 479 4020 640 4112; x_wconf 78' lang='grc' dir='ltr'><strong><em>παράκειται</em></strong></span> <span class='ocrx_word' id='word_1_283' title='bbox 666 4047 756 4112; x_wconf 76' lang='grc' dir='ltr'><strong><em>τρίτον</em></strong></span> <span class='ocrx_word' id='word_1_284' title='bbox 776 4061 800 4094; x_wconf 84' lang='grc' dir='ltr'><strong>τι</strong></span> <span class='ocrx_word' id='word_1_285' title='bbox 818 4047 914 4099; x_wconf 78' lang='grc' dir='ltr'><strong><em>κακίας</em></strong></span> <span class='ocrx_word' id='word_1_286' title='bbox 937 4041 1010 4102; x_wconf 75' lang='grc' dir='ltr'><strong><em>εἶδος</em></strong></span> <span class='ocrx_word' id='word_1_287' title='bbox 1038 4041 1069 4096; x_wconf 72' lang='grc' dir='ltr'><strong>ἐν</strong></span> <span class='ocrx_word' id='word_1_288' title='bbox 1089 4045 1145 4100; x_wconf 81' lang='grc' dir='ltr'><strong><em>τοῖς</em></strong></span> <span class='ocrx_word' id='word_1_289' title='bbox 1162 4043 1326 4105; x_wconf 66' lang='grc' dir='ltr'><strong>καθαρτικοῖς,</strong></span> 
     </span>
     <span class='ocr_line' id='line_1_35' title="bbox 228 4129 917 4206; baseline 0.006 -20"><span class='ocrx_word' id='word_1_290' title='bbox 228 4129 332 4204; x_wconf 66' lang='lat' dir='ltr'><strong>turpe</strong></span> <span class='ocrx_word' id='word_1_291' title='bbox 354 4137 526 4206; x_wconf 82' lang='grc' dir='ltr'><strong><em>Θέοδωρος</em></strong></span> <span class='ocrx_word' id='word_1_292' title='bbox 546 4141 782 4206; x_wconf 71' lang='grc' dir='ltr'><strong><em>παρένθαρσον</em></strong></span> <span class='ocrx_word' id='word_1_293' title='bbox 801 4131 917 4194; x_wconf 74' lang='grc' dir='ltr'><strong><em>ἐκάλει.</em></strong></span> 
     </span>
    </p>

    <p class='ocr_par' dir='ltr' id='par_1_12' title="bbox 328 4233 732 4303">
     <span class='ocr_line' id='line_1_36' title="bbox 328 4233 732 4303; baseline -0.007 -13"><span class='ocrx_word' id='word_1_294' title='bbox 328 4233 356 4303; x_wconf 82' lang='grc'><strong>7)</strong></span> <span class='ocrx_word' id='word_1_295' title='bbox 374 4233 410 4291; x_wconf 84' lang='lat' dir='ltr'><strong>cf.</strong></span> <span class='ocrx_word' id='word_1_296' title='bbox 430 4233 551 4290; x_wconf 88' lang='lat' dir='ltr'><strong>Buchen.</strong></span> <span class='ocrx_word' id='word_1_297' title='bbox 570 4251 596 4303; x_wconf 87' lang='lat' dir='ltr'><strong>p.</strong></span> <span class='ocrx_word' id='word_1_298' title='bbox 617 4235 658 4292; x_wconf 89' lang='grc'><strong>31,</strong></span> <span class='ocrx_word' id='word_1_299' title='bbox 731 4291 732 4296; x_wconf 8' lang='grc' dir='ltr'><strong><em>ς</em></strong></span> 
     </span>
    </p>
   </div>
   <div class='ocr_carea' id='block_1_5' title="bbox 0 0 1525 4928">
    <p class='ocr_par' dir='ltr' id='par_1_13' title="bbox 0 0 1525 4928">
     <span class='ocr_line' id='line_1_37' title="bbox 0 0 1525 4928; baseline 0 0"><span class='ocrx_word' id='word_1_300' title='bbox 0 0 1525 4928; x_wconf 95' lang='lat' dir='ltr'><strong> </strong></span> 
     </span>
    </p>
   </div>
  </div>
 </body>
</html>
