3036 4928
741 330 779 391 22

997 445 1013 484 x

210 514 345 575 eonvenit
366 535 430 575 oum
453 512 625 591 Oseoilio¹);
661 519 781 594 negavit
802 536 870 578 vero
897 520 1008 594 primes
1030 515 1130 578 deberi
1157 518 1245 594 pleno
1265 519 1308 578 illi

209 626 361 704 politoque
382 629 481 704 generi
509 626 632 698 dioendi,
660 627 739 703 quod
765 629 794 684 in
817 625 907 702 Lysia
935 626 1158 714 admirabantur
1181 647 1307 705 vereque

211 736 342 794 Altinum
364 734 521 812 putebant.

350 1323 390 1390 ll.
413 1323 461 1391 lle
482 1324 595 1390 setnte
616 1323 789 1412 seripturis
811 1323 889 1408 περὶ
912 1319 1022 1407 ὕψους
1040 1323 1174 1392 incerti.

309 1463 416 1522 Mirum
441 1483 511 1523 sene
530 1472 576 1524 eet
595 1485 632 1524 ue
655 1464 742 1524 hodie
764 1466 882 1543 quidem
897 1467 1089 1543 exstirpatam
1113 1484 1176 1524 esse
1191 1465 1304 1524 futilem

208 1572 289 1632 illem
311 1574 475 1650 opinionem
507 1572 543 1632 de
564 1573 697 1652 Longino
726 1575 794 1632 libri
821 1572 885 1651 περ)
906 1566 1001 1648 ὕψους
1029 1569 1189 1650 auotore²).
1232 1573 1303 1633 (lum

209 1683 284 1740 enim
300 1701 393 1758 neque
416 1681 556 1740 librorum
574 1684 756 1741 auctoritate
771 1682 947 1742 defendatur
969 1687 999 1740 et
1013 1682 1105 1760 ipsius
1127 1681 1195 1740 libri
1209 1682 1306 1741 indole

208 1789 294 1866 plene
323 1787 505 1861 excludetur,
535 1789 608 1848 nihil
630 1787 697 1848 huin
720 1785 784 1867 uiro
807 1791 888 1849 feret
908 1791 965 1848 nisi
985 1792 1117 1867 priorum
1138 1796 1304 1869 temporum

208 1895 418 1960 consuetudo..
451 1895 526 1956 Nem
570 1899 723 1975 inscriptio
764 1899 816 1956 ills
857 1893 1011 1956 Διονυσίου
1053 1890 1074 1975 ἢ
1111 1894 1259 1976 Aoyyiuov
1277 1897 1303 1976 8)

208 2004 245 2062 ab
282 2024 316 2063 eo
361 2006 423 2064 solo
458 2007 590 2084 proferte
629 2025 692 2066 esse
734 2011 843 2083 potest,
889 2008 940 2082 qui
987 2007 1060 2064 nihil
1098 2013 1222 2067 noverat
1267 2007 1302 2066 de

180 2118 335 2198 lautiore,
372 2113 422 2172 sed
463 2134 499 2172 ne
539 2097 618 2172 sine'
636 2116 751 2173 nomine
786 2118 896 2174 iaceret
927 2115 1011 2191 liber,
1043 2118 1121 2176 inter
1144 2117 1218 2176 duos
1252 2117 1302 2175 eli·

206 2221 295 2298 gendi
325 2223 394 2282 lenit
416 2227 602 2300 potestatem,
637 2241 711 2300 quoe
740 2243 852 2282 summe
878 2223 966 2282 laude
987 2226 1018 2283 in
1051 2225 1096 2283 his
1118 2225 1226 2284 litteris
1251 2224 1302 2284 flo-

207 2326 332 2404 ruisse⁴l
356 2334 386 2388 et
411 2330 517 2388 similia
544 2335 689 2389 tractasse
697 2324 724 2406 δ)
746 2329 866 2390 soiebet.
912 2330 1024 2408 Neque,
1047 2333 1161 2410 opinor,
1183 2332 1303 2392 adrem

308 2503 333 2572 1)
351 2501 386 2557 of.
406 2505 519 2572 praeter
537 2518 597 2570 nep.
617 2499 655 2555 lll
676 2519 702 2570 p.
724 2503 766 2568 16,
784 2503 801 2554 6
821 2505 849 2554 et
868 2503 911 2570 35,
930 2503 956 2555 8.

306 2600 333 2666 2)
352 2597 388 2652 Ut
407 2598 532 2667 exemplo
552 2602 623 2659 ntor,
643 2597 692 2665 qui
711 2596 861 2650 novissime
880 2597 975 2651 dedite
992 2613 1078 2667 opem
1097 2597 1131 2652 de
1150 2597 1202 2653 heo
1221 2615 1303 2668 quse·

207 2693 297 2748 stione
315 2693 381 2762 egit,
402 2691 537 2747 lohannes
556 2693 649 2746 Cenne
677 2693 705 2745 in
723 2691 899 2761 praefatione
918 2694 1053 2748 versionis
1072 2694 1161 2748 ltelee
1179 2696 1302 2762 (Floren-

206 2789 261 2845 tiee
279 2789 357 2857 1871)
376 2788 496 2857 Longini
515 2806 616 2842 nomeu
634 2789 811 2844 retinendum
831 2793 922 2858 putet,
949 2789 1038 2844 donee
1056 2791 1161 2846 eortius
1179 2794 1302 2846 testimo·

206 2887 283 2940 nium
301 2903 335 2939 ex
344 2886 495 2940 vetntiore
512 2885 586 2938 libro
604 2884 743 2954 prolatum
764 2885 800 2939 sit
820 2884 859 2954 (p.
873 2887 909 2940 40
921 2888 981 2955 sq.).
1012 2885 1091 2952 Quod
1107 2905 1172 2942 vero
1183 2887 1302 2958 Spenge-

205 2981 273 3036 lium
286 2999 394 3051 quoque
413 2985 442 3035 et
455 2980 581 3035 lehniurn
595 2981 629 3034 de
642 2980 769 3051 Longino
789 2981 918 3035 dubitare
928 2981 997 3036 (linit
1014 2982 1052 3052 (p.
1066 2985 1122 3050 63),
1140 2984 1193 3039 hoo
1206 3000 1302 3038 verum
1334 2984 1339 2996 '
1366 3047 1372 3054 Ι

207 3093 263 3131 non
282 3083 333 3132 est.
375 3079 445 3132 Nem
472 3077 507 3131 de
524 3076 652 3148 Longino
679 3076 819 3132 reiciendo
842 3077 973 3131 convenit
990 3078 1065 3131 inter
1086 3095 1131 3132 eos
1150 3077 1196 3147 (of.
1216 3078 1301 3149 presi.

205 3173 378 3243 editionum),
393 3165 527 3227 liubitent
536 3172 570 3228 de
581 3190 647 3228 vero
660 3180 781 3228 auctore.
807 3173 901 3241 Atque
913 3173 984 3228 hano
996 3173 1084 3244 ipsem
1099 3174 1301 3229 dubitationem

206 3269 289 3340 vulgo
308 3269 381 3324 serre
409 3272 558 3339 nequeunt,
588 3286 659 3338 quae
678 3269 835 3337 antiquitus
854 3269 950 3323 multis
975 3269 1057 3324 libris
1087 3288 1170 3325 oense
1192 3272 1303 3326 exstitit

204 3366 354 3421 ementitae
371 3365 571 3436 inscriptionis.
638 3389 643 3400 ·

305 3465 333 3533 3)
352 3464 473 3518 Aureum
493 3462 563 3516 illud
583 3456 599 3529 ἢ
617 3462 676 3516 eolo
698 3463 728 3516 in
747 3462 839 3517 indies
857 3461 962 3518 oodiois
981 3463 1002 3518 P
1021 3466 1161 3518 servatum
1179 3467 1229 3530 est,
1248 3479 1302 3533 qno

204 3558 318 3627 loetum,
354 3565 386 3613 ut
417 3563 474 3613 tem
508 3559 557 3612 din
587 3558 695 3613 lateret.
730 3558 801 3612 Nam
829 3557 858 3611 in
876 3557 937 3628 ipse
954 3557 1047 3613 fronte
1074 3558 1162 3614 libelli
1181 3575 1238 3614 non
1255 3577 1301 3629 op·

204 3659 285 3725 peret
311 3656 366 3710 nisi
392 3655 421 3709 in
439 3653 499 3710 ooli
520 3659 575 3709 vet.
594 3654 648 3710 285
680 3654 706 3724 (e
725 3653 800 3724 opud
820 3653 947 3710 lshnium
970 3655 1068 3724 audit),
1097 3672 1152 3724 quo
1171 3673 1239 3710 usus
1259 3659 1302 3710 est

205 3751 308 3807 Amati.
344 3750 399 3805 Sed
426 3752 455 3804 iu
487 3767 520 3806 eo
546 3767 655 3819 qnoque
675 3751 730 3804 elio
758 3753 916 3804 atramento
944 3754 1043 3820 poetes
1071 3752 1240 3820 interposite
1258 3756 1300 3804 est

204 3848 350 3919 pertioule,
370 3846 445 3917 quod
464 3846 535 3900 vidit
546 3847 578 3900 H.
590 3846 629 3900 de
639 3846 760 3900 Rohde
768 3865 795 3916 n,
814 3847 893 3902 ouius
906 3844 1046 3902 olfieiosee
1058 3847 1198 3902 emioitiee
1209 3847 1302 3901 omnis

204 3945 293 4000 debeo
312 3961 382 4013 quoe
399 3942 435 3998 de
453 3943 501 3997 illo
522 3942 618 3998 codiee
637 3941 769 4012 comperi.

302 4044 331 4114 4)
348 4040 385 4095 of.
402 4040 516 4094 Cramer
539 4037 633 4095 eneod.
654 4039 740 4094 Oxou.
760 4037 925 4107 1111nu,4,
953 4053 1034 4107 quem
1056 4037 1148 4094 loenm
1166 4038 1300 4094 indioevit

203 4136 308 4192 Usener
326 4139 357 4191 iu
376 4153 446 4190 mus.
467 4135 544 4190 rhen.
564 4133 618 4189 vol.
638 4134 754 4189 XXVIII
771 4153 799 4205 p.
818 4137 880 4190 412.

304 4234 331 4304 5)
350 4233 385 4286 ol.
405 4231 596 4287 Wilemowitz.
615 4231 644 4285 iu
662 4231 780 4286 Hermae
801 4231 852 4287 vol.
872 4231 898 4286 X
916 4249 944 4302 p.
964 4233 1024 4288 334.
