3036 4928
747 339 785 406 11

172 569 175 574 -
219 524 292 594 οὑτω
307 526 378 614 μοὺν
398 528 456 614 ἐγώ
471 553 543 614 φημι
565 530 683 614 καίτοιγ’
699 529 784 607 εἰδώς
804 528 845 594 ὑπ
858 526 1058 606 εἰδωλοποίὑας
1077 527 1164 606 αὑτὰς
1183 522 1252 594 ἔνιοι
1274 529 1318 594 λε-

218 662 309 724 γονσι.
328 639 531 703 εἰδωλοποιΐον
550 646 643 722 igitur
657 645 701 704 illi
723 645 810 704 alteri
825 645 951 704 termino
972 644 1147 721 praetulisse
1161 643 1318 704 Caecilium
1379 632 1382 637 ’

219 754 401 828 crediderim,
425 757 556 832 quamvis
579 756 779 814 testimonium
801 754 920 815 aliunde
942 774 998 812 non
1015 759 1165 831 suppetat.
1211 753 1320 814 Nostro

220 869 300 922 certe
332 865 469 940 scriptori
501 883 559 922 non
586 864 699 941 placuit
719 864 794 922 illud
815 863 988 922 vocabulum
1014 864 1071 921 nisi
1093 862 1130 921 de
1153 862 1319 921 hominibus

220 972 259 1032 ab
279 973 381 1032 inferis
414 974 549 1031 excitatis
584 972 748 1030 adhibitum
771 968 821 1048 (cf.
843 992 873 1049 p.
897 971 947 1042 35,
971 965 1015 1045 1),
1044 991 1168 1048 quocum
1200 989 1320 1030 consen-

219 1083 299 1139 tiunt
322 1086 610 1158 progymnasmatum
634 1083 793 1158 scriptores
819 1076 860 1156 (ll
889 1081 937 1149 15,
962 1081 1010 1140 14.
1034 1080 1084 1156 44,
1107 1076 1176 1156 28);
1205 1079 1256 1138 sed
1278 1079 1321 1138 al·'

221 1192 313 1250 terius
334 1211 405 1250 usus
425 1210 482 1249 non
505 1190 612 1249 desunt
637 1190 763 1266 vestigia
785 1185 834 1263 (cs.
857 1188 899 1246 111
923 1190 992 1257 108,
1016 1191 1063 1247 21.
1088 1189 1159 1264 241,
1183 1186 1246 1261 10).

321 1300 382 1358 Iam
403 1318 509 1378 agmen
532 1297 651 1356 claudat
672 1297 752 1356 locus
774 1318 804 1374 p.
831 1298 879 1370 32,
908 1295 987 1372 10¹),
1009 1315 1096 1374 quem
1119 1298 1256 1356 vitiosum
1277 1297 1321 1354 iu·

221 1408 333 1467 dicavit
353 1407 548 1467 Wilamowitz
560 1403 596 1482 1).Ι
641 1406 739 1483 Atque
761 1399 841 1466 recte
864 1407 982 1484 quidem
1010 1405 1086 1464 dixit
1107 1409 1210 1465 timere
1230 1406 1322 1478 illum,

222 1516 258 1576 de
281 1536 339 1593 quo
357 1507 492 1593 loquitur
515 1518 651 1591 scriptor,
677 1535 734 1588 „ue
756 1515 827 1592 quid
848 1515 982 1593 proferat
1004 1515 1120 1574 soeculo
1143 1534 1196 1573 suo
1217 1534 1322 1592 purum

222 1624 423 1686 couveniens.“
461 1623 519 1683 Sed
541 1623 605 1694 hoc,
628 1623 707 1700 quod
729 1624 823 1683 solum
845 1623 1006 1700 respondet
1029 1623 1230 1699 sequentibus,
1251 1624 1323 1699 ipsis

221 1733 319 1793 verbis
338 1733 459 1792 traditis
475 1735 571 1791 inesse
592 1751 703 1791 censeo.
725 1731 805 1790 'Non
822 1732 898 1790 enim
916 1734 1079 1791 necessario
1092 1733 1142 1789 τοῦ
1164 1726 1239 1790 ἰδίου
1255 1726 1322 1808 βίου

222 1839 271 1898 καὶ
285 1835 394 1918 χρόνον
408 1833 594 1918 ὑπερήμερον
613 1840 644 1898 id
665 1839 775 1899 dicitur
796 1839 898 1916 „quod
930 1844 1059 1899 aetatem
1079 1840 1135 1898 sibi
1159 1859 1322 1900 concessam

223 1956 440 2025 transgressum
460 1945 535 2006 est“.
579 1946 655 2004 Nam
677 1951 711 2004 ut
733 1945 906 2024 plerumque
928 1946 1021 2032 dcteo
1050 1946 1210 2006 adhibetur
1235 1941 1321 2025 ὑπερ-

225 2050 342 2132 ήμερον,
377 2054 456 2131 quod
486 2073 571 2112 suum
603 2053 710 2131 egendi
730 2059 846 2130 tempus
869 2056 1078 2132 praetermisit,
1103 2056 1148 2113 ita
1177 2058 1266 2115 etiam
1292 2055 1323 2114 id

224 2183 287 2222 esse
318 2166 427 2242 potest,
457 2164 539 2221 cuius
567 2167 684 2238 tempus
717 2163 821 2239 incipit
849 2161 923 2220 alius
950 2166 1083 2240 tempore
1111 2164 1342 2242 praeterlapso..

225 2272 364 2331 Conterae
385 2272 471 2330 velim
493 2270 615 2330 similem
636 2271 760 2329 Luciaui
777 2271 872 2328 locum
888 2268 1032 2344 (Hermot.
1051 2292 1115 2349 cap.
1128 2269 1181 2346 67)
1193 2264 1325 2348 ὑπερεξέε

225 2398 322 2449 πιπτες
345 2373 538 2456 ἀπομηκύνων
567 2375 598 2436 τὸ
619 2381 741 2456 πρᾶγμα
760 2374 789 2450 ἐς
820 2374 917 2456 γενεὰς
944 2373 1041 2454 ἄλλος,
1076 2373 1113 2451 cic
1144 2372 1325 2458 ὑπερήμερον

225 2483 358 2566 γίνεσθαι
380 2484 500 2565 τάληθὲς
519 2491 569 2546 νοῒ
587 2483 706 2546 indotos
727 2483 794 2564 βίον
817 2507 824 2547 :
848 2485 877 2548 τὸ
898 2483 1006 2566 ἀληθές
1026 2490 1104 2569 quod
1130 2493 1323 2568 quaeritura

224 2595 405 2674 philosophis
427 2600 521 2658 maius
543 2605 599 2676 est,
621 2619 709 2675 quam
731 2599 810 2675 quod
830 2601 929 2678 capiat
949 2602 1036 2658 unius
1058 2602 1130 2672 vita,
1152 2602 1197 2659 ita
1217 2604 1252 2658 ut
1272 2619 1325 2676 po·
1366 2611 1368 2616 ’

224 2709 312 2766 steris
336 2707 451 2766 demum
470 2710 532 2767 eius
554 2709 638 2786 copia
659 2711 830 2786 contingere
852 2711 955 2786 possit.
978 2707 1025 2768 Sic
1038 2729 1085 2768 me
1107 2709 1201 2768 iudice
1222 2713 1325 2769 nostro

224 2834 341 2895 quoque
366 2815 430 2875 loco
452 2815 531 2893 quod
562 2817 695 2896 neglecto
717 2820 763 2877 sui
783 2819 925 2894 temporis
947 2837 1004 2876 usu
1024 2820 1210 2895 posteritatis
1231 2819 1324 2876 vicem

224 2927 308 3000 quasi
329 2927 485 3003 anticipat,
508 2923 539 2982 id
561 2929 616 2999 est,
640 2925 719 3002 quod
740 2925 895 2985 vitandum
910 2925 1026 2985 videtur
1047 2927 1158 2984 homini
1180 2926 1222 2985 illi
1238 2932 1326 2986 cauto

184 3011 187 3020 Ι
223 3031 395 3109 timidoque.
438 3033 519 3106 Quae
540 3037 674 3094 anxietas
695 3039 757 3093 tam
778 3035 884 3094 acerbe
906 3037 1059 3112 exagitata
1082 3041 1136 3107 est,
1158 3040 1193 3094 ut
1213 3041 1325 3095 certum

224 3144 398 3219 scriptorem
417 3145 524 3220 respici
533 3163 720 3222 sparsussum
736 3144 808 3202 mihi
829 3147 880 3203 sit.
924 3143 997 3203 (lum
1018 3145 1112 3222 igitur
1135 3144 1253 3212 Caecilii
1280 3147 1326 3203 in-

223 3252 310 3327 genio
340 3270 431 3328 supra
453 3250 603 3328 descripto
626 3253 736 3329 optime
763 3251 837 3311 illud
861 3239 959 3330 ipsum
982 3254 1143 3323 conveniat,
1165 3252 1326 3312 modestam

224 3357 302 3417 illius
315 3359 531 3428 sententiolam,
556 3380 614 3438 qua
635 3379 705 3420 suae
727 3380 758 3420 sc
778 3363 885 3422 aetatis
906 3362 1066 3421 utilitatem
1087 3363 1171 3422 unice
1192 3366 1332 3447 spectare·

225 3468 373 3543 professus
396 3470 445 3544 sit,
468 3468 597 3547 maligne
618 3469 737 3546 explodi
756 3469 811 3528 hoc
830 3470 893 3530 loeo
915 3471 1033 3530 conicio.
1058 3470 1123 3530 Non
1144 3471 1238 3548 igitur
1262 3491 1327 3530 cum

226 3574 447 3636 Wilamowitaio
470 3576 507 3635 de
526 3578 625 3664 aliquo
647 3578 773 3651 „Asiani
794 3579 911 3655 generis
935 3579 982 3638 vel
1005 3584 1084 3638 certe
1106 3582 1206 3658 κοινῆς
1227 3579 1326 3639 defen·

226 3681 311 3743 sorc“
334 3685 489 3763 cogitabis.
531 3685 607 3745 Nam
633 3687 670 3746 de
693 3688 802 3746 Asiane
822 3706 930 3764 genere
951 3690 1090 3765 scriptori
1116 3694 1218 3784 nostro
1239 3691 1328 3769 plane

227 3789 424 3798 —-——-—..

324 3846 351 3914 l)
369 3847 436 3900 εῐὺέ
453 3866 491 3906 τις
502 3842 620 3902 οἰκόθεν
632 3855 757 3918 φοβοῖτο,
775 3846 823 3922 μὴ
842 3851 896 3903 τοῦ
915 3850 1007 3904 ἰδίου
1026 3856 1101 3919 βίον
1121 3856 1177 3906 καὶ
1194 3847 1328 3923 χρόνον

226 3936 418 4011 φθέγξαιτό
436 3963 466 3995 τι
486 3937 713 4015 ὑπερήμερον,
743 3939 848 4016 ἀνάγκη
875 3950 921 3999 καὶ
947 3944 979 4000 τὰ
998 3943 1245 4020 συλλαμβανόμενα
1273 3945 1327 4002 ὑπὸ

225 4035 271 4102 τῆς
289 4029 384 4090 τούτου
403 4040 495 4110 ψυχῆς
520 4035 600 4107 ἀτελῆ
628 4045 673 4094 καὶ
694 4038 784 4112 τυφλὰ
803 4037 898 4114 ὥσπερ
924 4038 1102 4115 ἀμβλοῦσθαι
1119 4042 1190 4114 πρὸς
1207 4041 1256 4100 τὸν
1282 4047 1329 4112 τῆς

226 4128 431 4204 ὑστεροφημίας
449 4130 518 4194 ὅλως
538 4136 579 4206 μὴ
596 4133 836 4209 τελεσφοροὺμενα
855 4133 968 4210 χρόνον.

326 4229 353 4298 2)
373 4229 391 4283 l.
411 4249 432 4285 s.
451 4249 478 4300 p.
497 4233 557 4285 340.
578 4231 703 4287 Coniecit
723 4233 770 4288 ille
790 4233 979 4308 ὑπερῃρμένον
996 4252 1048 4305 pro
1067 4229 1247 4307 ὑπερήμερον.

1124 4335 1140 4384 2
