3036 4928
763 334 801 396 27

231 517 293 576 rius
334 517 442 616 librum
484 524 553 579 ante
590 519 688 580 oculos
722 519 859 581 habuisse
894 521 1015 600 probari
1052 528 1189 602 nequeat.
1245 525 1338 598 Tales

231 645 299 686 vero
333 628 549 706 disputationes
581 631 676 707 primo
706 629 823 690 saeculo
855 633 983 691 omnium
1003 652 1053 692 ore
1088 633 1331 699 decantabantur.

231 737 337 815 ltaque
357 737 549 818 philosophus
570 739 662 800 libelli
683 743 777 800 nostri
798 735 889 799 ἐκεῖνο
910 737 942 800 sd
965 729 1166 821 θρυλούμενον
1195 763 1226 804 se
1247 764 1329 822 repe·

134 823 137 829 .
230 853 293 906 tere
319 846 429 908 diserte
461 847 628 927 profitetur.
672 850 747 908 Nam
776 851 819 910 illi
841 851 965 910 maxime
987 855 1080 911 aetati
1103 852 1157 912 hoc
1176 855 1329 931 proprium

231 963 305 1034 erat,
348 962 383 1017 ut
423 977 486 1018 cum
529 962 706 1019 conscientia
748 957 967 1038 depravationis
1005 964 1114 1020 artium
1157 965 1330 1043 tenerentur

230 1086 329 1127 omues
365 1067 493 1145 undique
532 1069 727 1147 corruptionis
758 1072 965 1145 conquirerent
993 1089 1103 1131 causas.
1148 1072 1209 1132 Hoc
1243 1074 1328 1131 cotti·

230 1175 316 1236 diano
348 1197 488 1251 sermone,
529 1177 584 1238 boc
623 1178 731 1240 litteris
762 1179 927 1257 agitabant.
979 1180 1081 1259 Neque
1116 1181 1239 1242 deerant
1277 1184 1329 1261 qui

229 1286 375 1347 diversam
407 1305 525 1365 quoque
558 1292 673 1364 partem
715 1291 906 1366 susciperent,
943 1295 977 1350 ut
1009 1310 1045 1350 ex
1078 1291 1173 1350 Taciti
1211 1292 1327 1368 dialogo

229 1396 326 1456 videre
358 1392 468 1471 licct¹).
511 1396 633 1456 Plurimi
653 1417 722 1457 vero
752 1404 805 1458 aut
835 1405 967 1460 mutatae
986 1402 1029 1460 rei
1050 1401 1184 1479 publicae
1206 1402 1327 1466 „formae

228 1512 282 1567 aut
312 1508 460 1585 corruptis
491 1507 621 1566 moribus
647 1507 743 1566 labem
774 1508 855 1567 illam
881 1510 1078 1587 imputabant.
1122 1509 1225 1588 ltaque
1258 1515 1328 1570 sunt

228 1617 279 1694 qui
310 1617 447 1694 proprios
477 1614 569 1675 libros
600 1616 667 1675 huic
689 1620 854 1694 quaestioni
875 1618 1084 1696 dedicaverint,
1115 1623 1150 1678 nt
1171 1619 1327 1692 Quintilia-

228 1745 293 1801 nus,
315 1727 366 1802 qui
389 1727 451 1802 egit
480 1725 518 1783 de
550 1727 646 1785 causis
679 1732 837 1804 corruptae
869 1728 1063 1805 eloquentiae.
1106 1729 1193 1788 Plinii
1224 1728 1327 1788 deinde

227 1855 285 1895 uno
307 1855 358 1894 ore
379 1840 546 1912 queruntur
567 1855 666 1894 omues
687 1856 705 1894 a
726 1839 853 1895 maximo
876 1836 952 1898 bono
975 1837 1111 1897 liberales
1134 1837 1227 1897 dictas
1247 1843 1327 1897 artes

227 1948 256 2005 in
279 1946 459 2004 contrarium
479 1942 615 2004 cecidisse
637 1950 667 2003 et
690 1946 834 2005 servitute
855 1948 918 2005 sola
939 1945 1042 2024 profici
1063 1938 1247 2025 coeptum2).
1269 1947 1327 2022 Op·

227 2055 297 2113 time
317 2073 386 2113 vero
405 2052 561 2112 Petronius
593 2073 679 2129 quam
706 2054 899 2130 pervulgatus
931 2056 1022 2122 fuerit
1052 2055 1110 2114 iste
1132 2074 1237 2128 sermo,
1272 2074 1325 2115 nos

227 2159 352 2238 dccetl).
374 2161 463 2222 Mitto
484 2162 692 2241 philosophum
713 2163 851 2222 Senecam
872 2167 903 2223 in
920 2184 972 2242 ep.
997 2165 1057 2222 114
1078 2183 1181 2224 causas
1203 2165 1326 2224 vitiosae

227 2274 368 2336 orationis
401 2293 454 2332 suo
476 2291 556 2332 more
590 2275 801 2348 exquirentem.
844 2271 904 2332 lam
925 2277 1011 2351 pater
1043 2293 1133 2332 senex
1159 2278 1324 2351 temporum

227 2380 426 2440 lassitudinem
460 2380 647 2440 acerbissime
671 2383 828 2456 castigavit
855 2381 998 2458 imprimis
1029 2383 1060 2440 in
1082 2381 1174 2459 praef.
1195 2387 1288 2441 contr.
1311 2381 1326 2440 1

227 2489 294 2549 inde
310 2509 328 2549 a
346 2487 393 2564 §6
417 2507 424 2549 τ
447 2496 516 2569 post
530 2487 697 2550 Ciceronem
719 2490 840 2549 cottidie
857 2492 974 2565 ingenia
992 2488 1152 2551 decrevisse
1171 2493 1232 2550 sive
1253 2493 1324 2551 luxu

226 2605 391 2676 temporum
415 2597 476 2660 sive
510 2599 628 2659 sublato
650 2601 835 2676 eloquentiae
856 2602 985 2677 praemio
1012 2602 1073 2659 sive
1105 2607 1249 2679 perpetua
1269 2603 1324 2661 fati

227 2707 301 2783 lege,
318 2727 378 2786 qna
392 2708 430 2768 ad
445 2729 589 2768 summum
604 2709 748 2787 perducta
759 2727 862 2768 rursus
876 2708 914 2768 ad
931 2708 1060 2768 infimum
1076 2704 1322 2788 relabereutnr⁴).

327 2901 352 2969 1)
372 2901 444 2969 Quin
468 2903 527 2971 ipse
547 2902 659 2958 Tacitus
682 2904 960 2959 interdumtristitin
977 2920 1089 2958 excussu
1118 2903 1154 2958 ad
1180 2903 1323 2959 laetiorem

225 3013 301 3066 spem
329 2998 457 3068 erigitur.
486 3003 518 3052 ut
536 3016 598 3052 anu.
620 2999 659 3053 111
680 3000 726 3054 55:
750 3001 805 3054 nisi
823 2998 896 3054 forte
919 3040 924 3053 .
947 3040 952 3053 .
973 3040 979 3053 .
998 3003 1093 3054 nostra
1116 3016 1226 3070 quoque
1248 3003 1324 3054 actas

224 3094 312 3148 multa
329 3093 420 3148 laudis
438 3097 466 3146 et
484 3096 587 3149 artium
606 3095 740 3160 imitanda
759 3097 877 3164 posteris
896 3097 969 3150 tulit.

322 3191 350 3257 2)
369 3189 433 3243 hist.
454 3193 510 3244 nat.
531 3189 594 3243 XlV
615 3194 628 3242 1
649 3193 729 3260 epist.
749 3190 814 3246 Vlll
835 3194 876 3245 14.

323 3285 350 3352 3)
370 3283 470 3338 Statim
499 3286 581 3340 initio
600 3290 794 3356 excerptorum
815 3285 968 3356 Encolpius
987 3287 1223 3342 vehementissime
1246 3288 1320 3342 inve·

224 3381 301 3435 bitur
320 3381 349 3433 in
367 3380 581 3436 declamatorum
608 3383 752 3445 insaniam,
782 3375 837 3452 qua
864 3384 1002 3452 imprimis
1020 3385 1150 3438 enervata
1168 3383 1204 3436 sit
1222 3383 1322 3451 oratio,

224 3492 312 3545 noque
331 3475 416 3530 ulium
435 3481 540 3532 exitum
569 3477 664 3532 iecisse
682 3482 828 3547 poetarum
855 3479 1027 3548 pictorumvc
1045 3482 1143 3534 artem.
1181 3478 1223 3532 Ad
1252 3494 1323 3547 quae

224 3574 413 3641 Agamemnon
431 3574 528 3627 rhetor
551 3574 592 3627 ita
609 3575 766 3643 respondet,
794 3578 826 3628 ut
843 3575 963 3629 laxatam
983 3574 1083 3629 veteris
1101 3574 1263 3644 disciplinas
1282 3592 1322 3629 se·

223 3668 368 3723 veritatem
382 3670 490 3738 culpam
512 3671 592 3723 istam
613 3672 749 3724 sustinere
766 3670 849 3724 dicat.
886 3669 939 3724 Sed
958 3670 1019 3739 plus
1031 3671 1115 3724 etiarn
1131 3670 1166 3723 ad
1183 3687 1242 3724 rem
1255 3669 1322 3726 iacit

223 3763 374 3833 Eumolpus
386 3770 477 3834 poeta,
492 3766 541 3834 qni
559 3766 587 3819 in
600 3764 780 3833 pinacothoca
792 3765 970 3820 deambulans
988 3765 1017 3819 in
1028 3781 1091 3818 eum
1105 3771 1205 3834 sponte
1222 3766 1322 3820 incidit

222 3877 383 3929 sermonem,
413 3864 444 3914 ut
463 3878 559 3916 sarisas
576 3861 701 3915 excutiat
727 3860 881 3928 praesentis
904 3859 1037 3915 desidiae:
1065 3861 1184 3915 avaritia
1208 3861 1322 3930 periisse

221 3957 421 4025 pulcherrimas
431 3961 513 4021 artes,
533 3975 597 4012 cum
611 3957 740 4012 omnibus
752 3957 900 4012 formosior
909 3958 1052 4013 videretur
1066 3973 1154 4011 massa
1167 3958 1228 4011 auri
1239 3975 1320 4026 quam

221 4053 327 4122 primae
345 4053 435 4109 laudis
453 4054 549 4109 tabula
565 4053 635 4124 (cap.
655 4056 708 4121 88).

321 4151 347 4215 4)
367 4148 431 4204 Sine
449 4149 534 4205 dubio
553 4150 620 4204 talia
637 4151 721 4204 etiam
738 4149 894 4204 scholarum
912 4149 1144 4204 declamatoribus
1167 4149 1196 4202 in
1215 4149 1321 4204 deliciis

222 4249 309 4314 crant,
328 4244 362 4301 cf.
381 4263 415 4302 ex
435 4247 529 4302 multis
547 4247 607 4306 Seu.
627 4265 654 4317 p.
676 4249 735 4316 151,
754 4248 771 4300 9
788 4245 822 4301 Κ.
847 4275 878 4288 -
899 4245 1085 4302 Conierondus
1110 4249 1255 4319 praeterea
1280 4251 1322 4304 est
