3036 4928
759 321 777 385 6

318 511 416 587 Atque
437 513 538 587 paucis
558 515 673 569 tantum
695 511 767 569 locis
789 513 876 569 etiam
900 530 956 568 non
977 511 1158 588 appellatum
1170 493 1226 569 viri
1240 511 1319 569 docti

219 619 418 697 agnoscebant
429 616 585 677 Caecilium
601 622 742 678 tutiorem
763 619 805 676 illi
827 618 1030 696 proculdubio
1046 618 1140 678 secuti
1163 622 1318 690 rationem,

219 747 307 804 quam
339 729 390 804 qui
423 727 582 787 indiscreta
613 729 709 786 omnia
742 727 780 785 ad
801 725 956 786 Caecilium
989 747 1127 786 revocare
1158 725 1317 786 audebant.

219 835 293 894 Nam
314 855 378 895 cum
401 841 484 894 totus
506 837 545 894 sit
569 856 605 893 ex
634 837 834 894 controversia
855 834 980 906 libellus,
1016 838 1177 894 sententias
1199 835 1319 896 Caecilii

219 945 334 1022 saepius
363 943 534 1020 simpliciter
556 949 688 1020 receptas
711 963 774 1002 esse
796 945 844 1001 vix
872 942 982 1002 credas.
1026 942 1127 1018 Neque
1149 946 1251 1020 igitur,
1284 955 1319 1002 ut

219 1051 273 1111 hoc
295 1051 428 1127 exemplo
450 1056 529 1122 utar,
559 1053 804 1126 comparationem
827 1070 856 1128 p.
880 1051 918 1108 29
943 1054 1019 1108 inter
1040 1050 1265 1110 Demosthenem
1288 1059 1319 1110 et

218 1160 385 1219 Ciceronem
407 1161 575 1218 institutam
602 1164 712 1217 temere
735 1160 820 1218 velim
843 1158 972 1230 adscribi
995 1157 1121 1219 Caecilio
1133 1157 1165 1234 ¹).
1210 1161 1317 1220 Verisi-

219 1269 315 1327 milius
332 1273 412 1326 certe
434 1273 480 1326 ast
494 1269 581 1326 etiam
602 1269 632 1325 in
654 1267 708 1324 hac
729 1287 760 1325 re
783 1267 820 1326 de
841 1287 899 1342 qua
920 1269 1070 1344 proprium
1084 1265 1226 1326 Caecilius
1248 1272 1318 1327 emi-

218 1382 297 1435 serat
318 1375 458 1446 libellum,
491 1376 624 1435 consulto
653 1374 691 1434 ab
723 1377 784 1433 eius
812 1375 997 1451 opinionibus
1025 1376 1192 1436 discessisse
1213 1377 1318 1436 adver·

219 1489 338 1546 sarium.
382 1485 481 1562 Atque
496 1485 654 1560 Dionysius
669 1503 795 1561 quoque,
819 1486 900 1542 cuius
913 1487 1040 1560 vestigia
1062 1487 1092 1542 in
1114 1485 1215 1544 multis
1230 1486 1318 1545 rebus

218 1601 349 1654 secutum
372 1613 434 1653 esse
456 1599 574 1653 constat
606 1596 729 1653 amicum
760 1597 833 1651 natu
864 1595 1013 1666 minorem,
1049 1594 1148 1672 paullo
1173 1596 1261 1654 aliter
1283 1595 1319 1654 de

217 1703 416 1798 Demosthene
444 1703 592 1762 iudicarit.
637 1703 713 1760 Dum
736 1705 812 1760 enim
845 1704 902 1760 vim
925 1701 1194 1780 sublimitatemque
1213 1703 1318 1762 Demo-

220 1811 380 1871 sthenicam
407 1811 527 1871 mirifice
549 1810 665 1869 extollit
696 1813 822 1887 scriptor
844 1807 909 1886 napi
932 1802 1037 1884 ὕψους,
1068 1811 1117 1869 ille
1137 1817 1234 1870 totum
1256 1814 1318 1870 eius

219 1919 333 1979 dicendi
353 1940 446 1997 genus
469 1925 620 1996 tamquam
642 1919 766 1977 medium
789 1918 908 1994 aliquod
928 1923 959 1976 et
980 1938 1016 1976 ex
1037 1920 1171 1979 omnibus
1194 1923 1315 1979 mixtum

220 2023 408 2104 dascubit2).
455 2027 613 2086 Praeterea
634 2027 826 2104 reprehendit
837 2027 981 2103 quaedam
1000 2029 1080 2104 apud
1095 2029 1317 2088 Demosthenem

220 2136 376 2214 Dionysius
385 2135 421 2212 ³),
446 2157 521 2214 quae
533 2136 710 2194 defendisset
732 2139 794 2194 sine
805 2135 894 2194 dubio
917 2142 1017 2195 noster
1040 2139 1175 2215 scriptor.
1199 2137 1318 2196 Accedit

220 2245 298 2321 quod
328 2246 359 2304 in
380 2246 518 2303 vitiorum
546 2244 715 2303 collectione
737 2263 767 2321 p.
791 2243 841 2313 58,
874 2246 914 2301 24
936 2247 1099 2320 proposita,
1133 2265 1191 2322 qua
1220 2247 1314 2320 ipsum

220 2352 377 2412 Caecilium
399 2355 506 2430 respici
528 2354 606 2411 infra
628 2351 784 2430 apparebit
793 2347 828 2426 ⁴),
863 2351 1073 2410 Demosthenes
1105 2372 1220 2430 quoque
1239 2353 1318 2410 inter

220 2459 377 2520 Homerum
402 2461 612 2538 Platonemque
634 2463 811 2526 nominatur.

319 2569 410 2628 Nobis
432 2571 534 2646 igitur,
556 2575 591 2628 ut
611 2573 770 2644 utrumque
785 2567 946 2626 devitemus
969 2587 1107 2637 errorem,
1132 2568 1170 2626 ab
1192 2569 1227 2626 iis
1249 2586 1318 2644 pro-

221 2677 406 2736 ficiscendum
429 2682 474 2736 est
494 2677 573 2751 locis,
597 2679 647 2753 qui
671 2674 790 2734 Caecilii
811 2679 927 2735 nomine
949 2683 1019 2735 sunt
1041 2679 1145 2736 notati.
1187 2675 1229 2734 Et
1248 2695 1316 2753 pro·

172 2768 173 2772 Ἰ
219 2789 312 2845 oemio
334 2785 449 2863 quidem
472 2786 507 2845 de
529 2784 721 2844 tctoancilii
743 2785 841 2844 libello
861 2786 999 2844 iudicium
1014 2785 1049 2843 fit
1072 2787 1143 2843 satis
1166 2783 1317 2844 acerbum:

219 2914 364 2971 quaenam
395 2896 434 2953 sit
465 2894 596 2953 sublimis
620 2894 719 2966 dictio,
753 2897 890 2953 sescentis
914 2895 1053 2972 exemplis
1087 2894 1231 2952 inutiliter
1254 2911 1319 2950 eum

219 3002 445 3081 demonstrasse,
477 3004 707 3080 praetermisisse
729 3023 797 3061 vero
831 3014 980 3079 tamquam
1003 3022 1225 3080 supervacuum,
1258 3019 1316 3077 qua

327 3157 837 3227 1)meopinionenisusMorawski
857 3158 978 3225 (Quaast.
999 3156 1212 3224 Quintilianeae.
1249 3155 1318 3208 Diss.

219 3255 308 3310 Berol.
322 3256 391 3308 1874
407 3272 433 3324 p.
443 3253 490 3321 33)
509 3238 723 3321 Quintilianeam
737 3271 847 3324 quoque
859 3255 1094 3322 comparationem
1105 3251 1149 3321 (X,
1162 3254 1185 3316 1,
1204 3253 1255 3304 106
1266 3251 1318 3318 sq.)

220 3351 256 3406 ad
274 3350 424 3406 Caecilium
446 3349 596 3405 revocavit.
635 3350 710 3404 Haec
727 3366 793 3404 vero
820 3365 855 3403 ne
874 3366 935 3404 cum
964 3353 1062 3402 nostra
1081 3347 1194 3415 quidem
1212 3347 1317 3400 artiore

220 3447 329 3502 vinculo
347 3447 495 3501 coniuncta
513 3450 565 3502 est.

322 3543 349 3611 2)
369 3561 395 3612 p.
415 3544 468 3596 974
484 3560 523 3611 sq.
544 3542 585 3596 ed.
607 3541 699 3597 Reisk.

321 3639 348 3711 3)
368 3658 395 3709 p.
415 3639 468 3692 464
487 3656 526 3708 sq.
551 3635 603 3710 οὐχ
622 3634 705 3699 οὕτως
732 3635 844 3698 εὐτελῶς
861 3634 926 3690 οὐδὲ
945 3632 1062 3709 ἀφελῶς,
1090 3633 1184 3706 ὥσπερ
1203 3641 1317 3698 Λυσίας,

219 3730 397 3808 χρησάμενος
414 3731 479 3808 αὐτῇ
497 3735 538 3808 (τῇ
558 3728 708 3807 στρογγύλῃ
728 3733 816 3803 λέξει),
836 3729 903 3785 ἀλλὰ
922 3738 1071 3804 περιέργως
1087 3737 1132 3786 καὶ
1150 3734 1259 3802 πικρῶς·
1279 3735 1319 3783 ls-

220 3836 317 3900 γέσθω
334 3827 388 3901 γὰρ
408 3828 444 3889 ὠς
462 3831 525 3901 ἐμοὶ
544 3835 680 3901 φαίνεται.
709 3835 781 3898 etp.
803 3829 864 3882 592.
889 3829 952 3900 ἐμοὶ
969 3830 1038 3897 γοῦν
1056 3832 1083 3880 οἱ
1099 3828 1154 3900 μὲν
1170 3825 1274 3881 Ἰσαίου
1290 3845 1319 3880 τε

195 3999 197 4003 V
220 3932 266 3980 καὶ
276 3931 478 3999 Δημοσθένους
495 3921 569 3996 λόγοι
569 3966 702 3981 ......
721 3922 840 3980 ὕποπτοι
860 3926 989 3979 δοκοῦσιν
1006 3926 1075 3979 εἶναι
1091 3927 1137 3991 τῆς
1149 3925 1249 3992 πολλῆς
1263 3925 1319 3978 ἐπι-

218 4017 370 4094 τεχνήσεως
388 4021 480 4076 irasc·
500 4025 526 4074 οἱ
544 4021 577 4075 δὲ
593 4017 761 4093 Ἰσοκράτους
780 4026 825 4097 rol
835 4027 942 4076 Λυσίου
960 4019 1063 4082 παντὸς
1081 4017 1200 4093 μάλιστα
1220 4021 1323 4074 δίκαιοί

219 4135 248 4171 τε
266 4123 312 4171 καὶ
330 4115 447 4185 ἀληθεῖς.

319 4213 630 4283 susumus
