3036 4928
740 317 792 396 ιιΙ

206 508 326 566 cilianao
354 507 503 566 doctrinae
526 508 655 566 frustula
677 513 869 566 servaverunt
879 505 910 577 ¹).
954 507 1058 583 Itaque
1088 510 1188 566 statim
1218 509 1303 565 initio

207 636 270 693 cap.
299 619 336 674 16
372 618 499 694 scriptor
529 619 620 676 tacite
655 619 790 694 sequitur
822 615 1014 674 Caecilianam
1045 615 1159 693 figurae
1198 615 1300 673 defini·

205 721 354 800 tionem2).
399 725 431 782 ln
448 725 663 801 distinguendis
678 743 748 783 vero
762 724 864 799 figuris
885 727 928 782 ita
950 745 968 782 a
990 724 1113 783 Caecilio
1136 727 1303 800 ceterisque

205 854 279 910 quos
307 837 438 892 novimus
468 834 603 892 omnibus
630 833 772 904 discessit,
803 839 838 892 ut
866 853 919 910 pro
941 829 1070 902 διανοίας
1095 833 1206 891 diceret
1234 827 1303 910 νοή-

206 960 282 1012 σεως,
317 962 393 1019 quae
422 964 477 1002 vox
503 946 640 1020 proprius
669 943 785 1002 abesset
809 963 827 1002 a
849 937 994 1019 λίξεωςθ).
1037 942 1093 1000 Sed
1122 945 1218 1018 ipsum
1244 943 1302 1000 dis·

205 1055 322 1123 crimen,
346 1058 488 1128 quantum
504 1052 620 1129 quidem
636 1053 763 1112 iudicare
779 1071 944 1129 possumus,
965 1042 1102 1110 accurate
1120 1051 1303 1123 observastis

205 1181 273 1221 nam
294 1168 362 1221 ante
384 1163 515 1221 lacunam
539 1183 567 1240 p.
580 1164 620 1220 39
642 1157 774 1238 νοήσεως,
797 1167 900 1240 postea
918 1154 1019 1231 λέξειας
1036 1167 1151 1219 tantum
1167 1148 1304 1238 σχήματα

205 1275 382 1328 tractantur.
404 1271 515 1331 Eadem
535 1272 641 1358 deinde
662 1292 720 1348 quc
743 1271 885 1331 Caecilius
908 1273 1022 1329 ratione
1045 1277 1146 1348 tropos
1169 1271 1305 1328 distinxit

184 1444 185 1448 η
206 1399 223 1436 a
242 1379 359 1456 figuris3
382 1400 449 1438 nam
472 1383 561 1440 etiam
592 1368 756 1457 ὑπερβατὸν
785 1387 817 1440 et
838 1376 1013 1459 περίφρασιν
1037 1399 1215 1456 quamquam
1241 1381 1305 1456 ipse

205 1471 282 1548 inter
302 1495 405 1566 tropos
427 1489 580 1548 collocavit
602 1489 691 1564 (Vlll,
721 1493 750 1561 6,
772 1491 821 1548 59.
846 1489 908 1561 62),
932 1510 950 1548 a
971 1488 1095 1547 Caecilio
1126 1488 1229 1564 figuris
1252 1487 1304 1546 ad·

205 1603 361 1656 numerata
379 1598 468 1658 fuisse
489 1603 619 1657 testatur
641 1599 838 1670 Quintilianus
854 1593 921 1674 (lx,
946 1599 972 1671 3,
996 1600 1045 1656 01.
1069 1591 1132 1675 98).

306 1707 363 1766 Sed
385 1707 535 1766 videamus
556 1708 683 1784 singula.
710 1708 809 1785 Atque
831 1727 894 1784 cap.
920 1709 958 1765 16
981 1713 1012 1765 et
1037 1708 1073 1764 17
1097 1709 1147 1764 τοῦ
1168 1690 1303 1780 dunusci

208 1804 355 1893 σχήματος
382 1817 546 1894 exemplum
559 1809 847 1892 Demosthenicum⁴)
864 1835 927 1874 cum
949 1817 1058 1892 insigni
1080 1815 1234 1892 diligentia
1256 1833 1304 1872 sx-

207 1926 344 2003 plicatur.
367 1925 439 1984 Cum
462 1927 536 1983 enim
560 1925 636 1983 idem
659 1926 794 1984 similiter
814 1924 978 1982 adhibitum
993 1923 1071 2000 apud
1087 1923 1242 1982 Caecilium
1263 1922 1303 1981 le·

207 2040 336 2109 geretur,
357 2037 610 2112 interpretatione·
622 2040 687 2093 erat
708 2033 917 2092 exornandum.
962 2033 1037 2091 Illud
1059 2052 1128 2091 vero
1152 2032 1247 2091 elucet
1269 2052 1306 2089 cx

207 2118 425 2220 comparatione
448 2143 568 2213 'liberii
600 2164 618 2201 a
648 2163 706 2220 qno
730 2135 864 2201 similiter
892 2137 923 2199 τὸ
946 2144 996 2199 τοῦ
1015 2135 1101 2217 ὅρκον
1129 2145 1230 2219 σχῆμα
1251 2141 1306 2200 hcc

206 2253 339 2330 exemplo
360 2253 537 2312 illustratur.

309 2403 335 2469 1)
353 2401 394 2454 De
415 2401 464 2454 hec
492 2401 552 2469 ipsa
579 2401 740 2468 quaestione
768 2403 833 2468 post
852 2399 1088 2453 Burckhardtium
1118 2399 1154 2466 (p.
1175 2399 1206 2450 17
1236 2397 1306 2466 sqq.)

208 2497 292 2550 docte
310 2512 398 2565 nuper
417 2496 549 2550 disseruit
567 2497 717 2550 Morawski
735 2497 764 2549 in
784 2496 895 2562 Quaest.
915 2496 1009 2563 Quint.
1026 2514 1052 2564 p.
1072 2497 1107 2547 44
1127 2511 1186 2563 sqq.
1224 2479 1305 2546 Nunc

206 2595 365 2646 eatantum
385 2593 627 2660 tractandarum,
657 2609 726 2661 quac
746 2592 781 2645 ad
810 2591 913 2644 librum
941 2594 1067 2644 nostrum
1096 2590 1248 2659 pertinent,
1275 2589 1305 2642 in

207 2688 307 2757 quibus
319 2688 515 2742 Morawskium
535 2706 568 2742 eo
589 2705 697 2742 errasse
717 2689 861 2756 dixi-(p.8
880 2687 943 2741 adn.
963 2688 999 2756 3),
1020 2687 1094 2756 quod
1113 2686 1216 2740 nullom
1234 2684 1308 2738 inter

207 2783 354 2838 Caecilium
374 2789 402 2839 et
431 2789 557 2839 nostrum
585 2786 752 2854 scriptorem
770 2784 955 2838 differentiam
975 2783 1162 2838 constituerit.
1199 2781 1309 2848 Quinti·

206 2881 305 2944 lianur,
332 2881 469 2949 Tiberius,
496 2882 582 2936 ceteri
603 2883 662 2935 sine
691 2881 776 2935 dubio
796 2881 906 2935 Caecilii
926 2880 966 2933 dc
996 2879 1126 2948 figuris
1154 2881 1306 2932 tractatum

207 2977 407 3044 sequebantur:
436 2977 485 3032 sed
512 2996 568 3032 non
594 2977 696 3032 mirum
721 2977 809 3030 multa
836 2978 877 3032 illi
897 2994 960 3031 cum
988 2975 1061 3029 libro
1081 2975 1116 3028 de
1136 2973 1308 3028 sublimitate

211 3071 298 3125 fuisse
316 3074 481 3126 communia·

307 3169 335 3239 2)
354 3187 381 3238 p.
393 3171 436 3236 36,
451 3171 484 3222 15
503 3174 541 3227 τίς
560 3159 629 3235 δ’ἦν
646 3165 661 3234 ἡ
681 3161 885 3240 κατὰφύσιν
899 3169 999 3237 χρῆσις
1013 3163 1105 3233 αὐτῆς
1123 3165 1157 3220 ef.
1171 3185 1198 3235 p.
1209 3163 1308 3232 41,23.

207 3264 310 3317 Phoeb.
322 3263 371 3326 Ill,
390 3266 432 3330 44,
452 3265 467 3316 7
489 3264 533 3332 Sp.
557 3267 696 3322 Καικίλιος
716 3264 747 3316 δὲ
767 3261 781 3315 ὁ
801 3266 968 3328 Καλακιίτης
986 3259 1103 3331 ὡρίσατο
1117 3256 1194 3329 οὕτω,
1213 3255 1308 3330 σχῆμά

208 3361 265 3414 ἔστι
276 3358 362 3428 τροπὴ
382 3364 419 3419 εἰς
429 3359 460 3414 τὸ
477 3357 521 3432 μὴ
534 3359 618 3414 κατὰ
632 3357 712 3432 φύσι
721 3379 738 3414 ν
754 3357 785 3414 τὸ
798 3361 844 3426 τῆς
856 3360 978 3418 διανοίας
994 3363 1040 3411 καὶ
1052 3359 1154 3417 λέξεως.
1178 3357 1308 3411 Ceterum

208 3473 306 3510 manca
335 3455 404 3510 haec
423 3455 548 3511 definitio
570 3455 724 3526 supplenda
750 3458 845 3510 estex
865 3455 925 3508 Tib.
945 3473 970 3524 p.
989 3456 1068 3522 59‚6
1097 3450 1131 3506 τὸ
1160 3450 1205 3524 μὴ
1228 3451 1307 3506 κατὰ

210 3547 316 3623 φύσιν
343 3548 391 3604 τὸν
419 3553 484 3606 νοῦν
510 3553 638 3624 ἐκφέρειν
665 3552 750 3622 μηδὲ
780 3547 827 3605 ἐπ’
854 3547 991 3616 εὐθείας,
1019 3545 1075 3602 ἀλλ’
1094 3551 1234 3620 ἐκτρέπειν
1259 3551 1308 3601 καὶ

208 3642 384 3706 ἐξαλλάσσειν
400 3644 449 3712 τὴν
467 3642 591 3703 ιίιοίνοιαν
609 3642 717 3719 κόσμου
734 3645 806 3706 τινὸς
832 3647 863 3720 τῇ
882 3641 980 3700 uirium
1007 3639 1023 3710 ἢ
1040 3651 1134 3716 χρείας
1152 3645 1233 3698 ἕνεκα
1253 3645 1308 3698 κτλ.

208 3761 328 3812 quocum
348 3744 487 3798 consentit
506 3743 599 3810 Quint.
619 3745 676 3812 (lx,
700 3747 723 3812 1,
745 3745 805 3813 11):
824 3744 853 3796 in
872 3760 954 3798 sensu
973 3743 1017 3796 vel
1037 3757 1163 3795 sermone
1182 3739 1274 3808 aliqua
1292 3756 1309 3792 a

208 3838 344 3908 vulgari
362 3844 397 3893 et
416 3838 570 3909 simplici
589 3840 706 3908 specie
720 3856 794 3894 eum
813 3839 954 3892 ratione
973 3837 1130 3890 mutatio.
1157 3835 1189 3890 cf¹
1204 3835 1308 3889 Burok·

209 3933 359 4002 hardtium,
387 3936 435 4003 qui
454 3934 490 4003 (p.
513 3938 545 3988 18
564 3934 616 4003 sq.)
646 3953 696 3990 suo
715 3935 775 3988 iure
797 3939 885 3988 totum
910 3934 982 3988 hanc
1000 3932 1164 3999 Quintiliani
1184 3931 1308 4000 disputa·

209 4031 313 4084 tionem
331 4031 356 4102 (ξ
376 4030 491 4100 10-14)
512 4029 547 4083 ad
566 4030 715 4084 Caecilium
734 4031 884 4085 revocavit.

308 4129 369 4197 3)p.
383 4129 424 4190 17,
435 4128 471 4180 22
483 4128 566 4181 ιίιοσὰ
575 4128 607 4181 δέ
616 4147 670 4181 που
678 4129 760 4182 ταῦτα
770 4124 803 4181 τὰ
813 4128 868 4199 μὲν
877 4122 1003 4195 νοήσεσι
1012 4145 1032 4194 ς,
1045 4121 1147 4197 θάτερα
1157 4126 1189 4179 dl
1202 4127 1304 4184 λέξεως.

310 4224 337 4292 4)
361 4223 396 4277 dc
419 4241 475 4278 tor.
501 4217 575 4279 268.
595 4265 602 4278 .
621 4265 628 4289 ,
648 4219 697 4278 cdx
720 4225 796 4278 ἔστιν
818 4220 893 4284 ὅπως
917 4219 1050 4294 ἡμάρτετε
1070 4266 1075 4277 ,
1096 4263 1102 4278 .
1122 4262 1128 4275 .
1149 4263 1155 4275 .
1173 4218 1215 4294 μὰ
1244 4218 1305 4283 τοὺς
1359 4293 1363 4298 -

211 4323 368 4392 Μαραθῶνι
391 4315 670 4390 προκινδυνεύσανιας
689 4323 742 4374 καί..
