3036 4928
748 339 766 398 8

210 519 287 583 libro
310 521 460 594 afferatur,
497 528 593 582 tamen
616 521 733 581 easdem
765 542 812 581 ras
834 524 923 582 etiam
946 524 975 580 in
1008 521 1106 580 libello
1129 518 1193 598 napi
1213 513 1309 596 ὕψους

207 638 353 692 tractatas
374 633 465 692 fuisse
487 651 553 691 cum
574 634 673 709 ipsum
692 635 898 706 argumentum
914 627 1064 706 suadem),
1087 636 1149 690 tum
1172 629 1307 708 pluribus

210 744 288 801 infra
309 740 559 820 comprobabitur.
604 739 710 799 Restat
729 740 809 798 locus
830 741 921 817 p.17‚
945 739 1078 810 15-18,
1102 741 1150 813 23,
1175 759 1233 816 quo
1254 738 1306 798 do-

211 869 310 910 cemur
331 851 366 909 de
387 849 539 910 affectibus
562 868 620 907 non
642 851 738 925 egisse
751 847 916 907 Caecilium.
961 846 1061 906 Etiam
1082 846 1195 924 figuras
1217 847 1306 906 fuisse

209 962 331 1018 omissas
354 957 433 1035 quod
466 959 585 1036 putavit
610 951 785 1032 blaseius²)‚
816 958 847 1014 in
869 975 903 1014 eo
925 957 989 1013 viro
1012 957 1061 1013 vix
1091 955 1231 1014 credibile
1252 961 1305 1028 est,

209 1071 260 1147 qui
288 1070 319 1127 in
339 1067 442 1145 figuris
469 1065 631 1126 tractandis
660 1065 783 1123 multam
814 1072 954 1141 posuerat
975 1061 1138 1142 operam⁸).
1184 1063 1307 1123 Accedit

211 1177 291 1255 quod
323 1179 382 1235 iam
403 1175 624 1252 Theophrastus
657 1173 795 1249 Dionysio
823 1178 901 1233 teste
909 1168 935 1249 ⁴)
971 1173 1160 1234 sublimitatis
1189 1177 1219 1232 in
1247 1173 1307 1234 elo·

209 1289 325 1346 cutione
347 1286 521 1362 conspicuae
542 1278 644 1342 eadem
659 1286 718 1341 tria
737 1302 846 1359 genera
865 1287 1022 1344 statuerat.
1065 1282 1142 1342 lllud
1163 1285 1307 1360 potiuaex

209 1395 305 1453 verbis
327 1396 424 1452 minus
446 1394 557 1470 apertis
566 1387 591 1466 ὖ)
613 1391 690 1450 effici
712 1391 783 1449 mibi
805 1390 922 1449 videtur
934 1390 1091 1450 Caecilium
1110 1394 1227 1452 omnino
1249 1411 1307 1450 nou

132 1569 136 1573 -
208 1545 317 1596 Λυσίαν
336 1533 442 1611 άμείνω
465 1530 609 1594 Πλάτωνος
627 1530 828 1607 ἀποφήνασθαι
849 1539 903 1591 κτλ.
942 1536 1055 1605 Copiam
1080 1537 1305 1590 emendationum

209 1636 245 1690 ad
262 1635 289 1691 b.
309 1636 327 1690 l.
348 1634 555 1705 propositarum
574 1648 676 1702 augere
695 1649 750 1685 non
768 1632 864 1686 audeo.
904 1632 1034 1686 Ceterum
1052 1631 1100 1686 illa
1119 1631 1188 1704 ὑπερ
1201 1639 1309 1688 Λυσίου

211 1725 415 1802 συγγράμματα
434 1731 581 1799 quominus
601 1733 709 1798 partem
728 1735 857 1798 putemus
885 1730 951 1783 libri
978 1729 1012 1784 de
1031 1730 1128 1784 decem
1147 1731 1307 1784 oratoribus

210 1827 319 1896 scripti,
340 1827 408 1881 nibil
425 1828 537 1881 obstare
550 1825 672 1892 videtum
692 1843 779 1894 neque
799 1825 881 1880 laudo
892 1825 1127 1881 Burckbardtium
1146 1827 1180 1879 de
1193 1827 1309 1896 proprio

209 1923 283 1977 libro
303 1917 443 1994 σύγκρισις
459 1927 566 1977 Λυσίου
584 1925 629 1974 καὶ
647 1916 794 1981 Πλάτωνος
812 1922 948 1991 inscripto
968 1922 1139 1992 cogitantem
1157 1925 1194 1992 (p.
1209 1922 1260 1991 14).
1274 1952 1308 1962 -

209 2018 291 2072 Haud
318 2019 533 2090 parumzabesse
551 2017 682 2071 videntur
700 2018 735 2071 ab
756 2018 808 2071 hac
826 2017 938 2071 Caecilii
957 2017 1095 2082 doctrina,
1124 2035 1195 2086 quae
1213 2018 1309 2072 attulit

210 2114 326 2169 Pbotius
344 2133 372 2186 p.
387 2116 439 2168 489
451 2115 469 2168 b
483 2115 530 2168 le:
554 2114 689 2170 Καικίλιος
709 2113 741 2165 δὲ
760 2105 907 2184 ἁμαρτάνει
928 2110 1065 2182 εὑρετικὸν
1082 2113 1137 2185 μὲν
1155 2114 1204 2169 τὸν
1222 2108 1308 2185 άνιλρα

209 2210 351 2282 (Λυσίαν),
370 2216 446 2280 εἴπερ
465 2203 548 2263 ἄλλον
566 2205 841 2280 τινάσυνομολογῶν,
860 2210 1039 2280 οἰκονομῆσαι
1058 2210 1090 2262 δὲ
1108 2206 1141 2263 τὰ
1162 2208 1307 2279 εὑρεθέντα

210 2302 262 2378 οὐχ
281 2301 476 2366 οὕτωςλκανόν.
514 2305 608 2373 Atque
627 2305 695 2358 hacc
713 2304 841 2358 aPhotio
860 2322 894 2358 cx
913 2304 1025 2358 Caecilii
1044 2305 1155 2373 quidem
1173 2307 1245 2360 libro
1266 2323 1307 2359 rc-

212 2402 309 2472 petita‚
322 2402 371 2456 sed
386 2401 456 2456 falso
476 2400 618 2455 intellecta
636 2417 695 2454 esse
707 2399 825 2455 coniecit
835 2399 972 2470 Sauppius
992 2401 1080 2471 (θὸτι.
1092 2403 1143 2471 gel.
1156 2401 1224 2455 Anz.
1238 2403 1306 2456 1863

212 2516 240 2567 p.
254 2499 347 2566 leem:
367 2497 458 2567 ipsum
477 2498 551 2551 enim
572 2497 685 2551 lortassc
697 2497 844 2551 Caecilium
864 2502 962 2552 contra
981 2497 1143 2566 Dionysium
1161 2504 1308 2568 pugnasse.

209 2595 257 2663 qui
276 2593 379 2648 similia
397 2593 426 2646 in
441 2593 525 2663 Lysia
543 2594 729 2662 vituperasset
747 2593 786 2661 (p.
798 2594 871 2663 487).
907 2593 947 2646 At
964 2594 993 2647 in
1012 2595 1084 2649 libro
1103 2616 1131 2648 π.
1147 2590 1171 2648 t.
1190 2594 1224 2648 da
1243 2594 1308 2648 solis

210 2691 374 2746 elocutionis
393 2690 546 2746 virtutibus
566 2690 669 2760 agitur,
697 2688 745 2742 illa
764 2705 829 2743 vero
848 2689 883 2743 ad
907 2688 1101 2762 πραγματικὸν
1119 2695 1204 2763 μέρος
1222 2691 1309 2761 perti-

209 2792 284 2842 nent.
322 2787 384 2857 Ipsa
402 2792 549 2856 praeterea
568 2787 655 2841 verba
681 2783 831 2856 ὑπερβολῆς
852 2787 972 2854 speciem
993 2787 1167 2856 apertissime
1195 2803 1262 2856 prae
1281 2803 1309 2841 se

209 2883 319 2953 ferunt3
338 2883 372 2939 ci.
394 2899 464 2953 qnae
482 2887 612 2938 secuntur
630 2883 658 2936 in
679 2901 705 2952 p.
725 2885 759 2936 53
779 2886 807 2936 et
826 2899 894 2952 qnae
914 2901 948 2937 ex
966 2884 1108 2938 contrario
1128 2888 1310 2954 opponuntur

209 2997 237 3050 p.
258 2981 301 3050 57,
322 2981 364 3034 12.

314 3079 340 3144 l)
358 3076 393 3131 cl.
412 3094 439 3147 p.
451 3078 494 3140 53,
513 3079 548 3130 27
569 3077 627 3130 ἔστι
644 3073 698 3146 γὰρ
710 3075 783 3128 ταῦτ’
802 3078 888 3128 οἰκεῖα
901 3080 1032 3146 τοῖςπερὶ
1050 3072 1139 3145 ὕψους
1152 3079 1309 3148 σκέμμασιν.

312 3171 338 3236 2)
357 3170 409 3225 Die
436 3171 609 3241 grieobiecbe
636 3170 844 3225 Beredsamkeit
863 3189 916 3226 von
935 3171 1092 3227 Alexander
1118 3171 1162 3226 bis
1188 3171 1239 3226 auf
1255 3173 1311 3226 Au·

209 3271 308 3338 gustus
327 3284 354 3336 p.
373 3268 436 3320 202.

311 3363 338 3433 3)
360 3363 433 3416 Ante
459 3362 585 3417 libellum
603 3365 667 3434 περὶ
693 3359 782 3432 ὕψους
800 3363 951 3420 Caecilium
980 3364 1059 3418 illum
1076 3368 1140 3434 περὶ
1160 3360 1310 3437 σχημάτων

209 3463 364 3516 tractatum
382 3459 526 3529 scripsisse
551 3460 685 3529 suspicor,
715 3461 793 3515 cuius
819 3462 908 3529 copiis
933 3463 998 3530 apte
1020 3459 1056 3516 ad
1083 3460 1156 3515 buno
1173 3461 1310 3531 gravioris

210 3555 368 3628 argumenti
385 3557 488 3610 librum
507 3556 549 3610 uti
567 3557 701 3626 potuerit.
738 3557 888 3611 Praeterea
906 3574 976 3626 quae
993 3556 1027 3613 de
1054 3558 1115 3626 ipso
1133 3561 1197 3628 περὶ
1224 3554 1312 3626 ὕψους
1374 3615 1378 3628 ‚

210 3653 306 3708 libello
325 3652 451 3708 conicere
473 3669 629 3722 possumus,
661 3669 692 3706 ea
710 3653 803 3707 omnia
821 3652 912 3707 virum
937 3653 1072 3707 severint
1095 3653 1185 3708 exacti
1212 3652 1309 3707 iudicii

208 3748 412 3816 demonstrant,
440 3745 516 3815 quod
544 3746 714 3816 provectiori
738 3748 824 3801 aetati
851 3749 941 3817 magis
967 3750 1123 3803 conveniat.
1160 3747 1310 3802 Morawski

210 3845 258 3914 qui
277 3844 448 3900 contrariam
466 3843 633 3898 sententiam
653 3843 773 3912 protulit
791 3843 821 3913 (1.
841 3860 861 3898 s.
880 3861 906 3912 p.
928 3844 973 3913 46)
1003 3848 1061 3897 tam
1080 3843 1126 3898 bic
1142 3861 1223 3912 quam
1243 3844 1310 3898 alibi

213 3942 375 3998 discrimina
391 3940 467 3995 inter
486 3939 634 3996 Caecilium
653 3940 767 4008 eiusque
785 3940 975 3994 adversarium
994 3941 1142 4010 conspicua
1160 3940 1294 4010 neglexit.

313 4039 342 4106 4)
362 4055 389 4107 p.
412 4037 465 4090 539
483 4037 529 4103 τῆς
551 4037 574 4089 τ’
595 4035 708 4106 ἐκλογῆς
723 4037 778 4092 τῶν
797 4031 943 4108 ὀνομάτων
960 4039 1006 4090 καλ
1023 4037 1070 4105 τῆς
1097 4037 1128 4090 έκ
1146 4033 1247 4092 τούτων
1265 4035 1310 4107 dp·

209 4138 310 4204 μονίας
328 4136 374 4186 καλ
392 4132 447 4188 τῶν
464 4127 726 4204 περιλαμβανόντων
744 4127 810 4186 αὐτὰ
831 4127 989 4204 σχημάτων.

311 4228 339 4298 5)
357 4245 385 4297 p.
407 4227 448 4293 18,
468 4230 484 4281 2
501 4228 556 4280 τῶν
573 4231 655 4282 πέντε
669 4233 776 4299 μορίων
792 4226 958 4287 ὁΚσικλλιος
975 4229 1051 4283 ἔστιν
1068 4224 1085 4282 ii
1104 4231 1255 4298 παρέλιπεν
1273 4225 1308 4286 ὠς

210 4320 303 4377 καὶτὸ
322 4318 414 4382 πάθος
434 4320 539 4396 άμέλει.
