3036 4928
608 1139 612 1144 ·
694 1111 841 1192 vlrl.

323 1415 418 1474 Natus
449 1436 512 1474 sum
532 1415 677 1474 Iohannes
698 1417 865 1476 Ludovicus
888 1418 1020 1476 Martens
1047 1416 1211 1493 Hamburgi
1245 1436 1320 1474 anno

223 1529 251 1586 h.
275 1547 298 1584 s.
323 1525 378 1583 LII
401 1525 482 1583 dIeV
503 1527 610 1583 mensis
623 1523 804 1602 Septembris
826 1530 912 1602 patre
935 1527 1064 1584 Iohanne
1079 1525 1205 1584 Henricc
1228 1531 1322 1582 matre

224 1637 379 1694 Francisce
401 1655 416 1692 e
437 1640 524 1710 gente
541 1633 633 1692 Buek.
678 1635 734 1692 Per
754 1635 895 1693 tredecim
918 1655 1009 1693 annos
1031 1634 1191 1710 discipulus
1213 1635 1255 1692 fui
1277 1633 1322 1690 Io·

223 1745 330 1803 hennei
352 1743 582 1818 Hamburgensic
614 1744 693 1819 quod
727 1750 798 1802 tunc
820 1742 926 1802 Carolo
948 1743 1097 1802 Bertheeu
1129 1749 1160 1802 et
1192 1742 1321 1802 Iohanne

224 1851 363 1911 Classenc
394 1852 516 1911 ducibus
548 1872 666 1911 auream
699 1852 773 1910 vidit
807 1858 945 1911 aetatem.
1000 1853 1044 1911 lbi
1075 1873 1145 1912 vero
1178 1853 1320 1928 imprimis

224 1961 397 2021 Classeni
431 1962 549 2020 adiutus
579 1982 641 2020 sum
678 1961 832 2038 disciplina
869 1961 1100 2038 incomparabili.
1149 1961 1223 2018 Vere
1254 1962 1323 2018 anni

224 2070 336 2128 LXXII
360 2070 433 2128 hanc
456 2071 562 2128 almam
583 2071 748 2129 litterarum
763 2071 860 2129 sedem
876 2071 944 2142 adii,
966 2073 1048 2129 cuius
1069 2089 1162 2146 usque
1184 2069 1223 2127 ad
1244 2069 1321 2128 hunc

224 2180 299 2237 diem
331 2180 402 2237 civis
432 2179 474 2236 fui
496 2179 647 2253 assiduus3
686 2181 742 2237 nisi
765 2179 843 2254 quod
872 2199 966 2237 annus
996 2180 1163 2237 intercessit
1195 2178 1324 2236 tirocinii

222 2288 391 2366 Lipsiensis.
452 2287 563 2346 Scholia
599 2289 722 2346 interfui
753 2291 885 2346 virorum
919 2289 1145 2346 clarissimorum
1180 2288 1321 2362 Bernays,

223 2395 391 2469 Buecheler,
426 2396 456 2454 C.
481 2397 563 2465 lusti,
585 2395 620 2456 R.
642 2396 763 2468 Keknle,
798 2396 821 2454 I.
843 2397 876 2454 B.
900 2397 1011 2472 Meyer,
1036 2396 1082 2456 Al.
1103 2394 1320 2464 Reifferscheid,

223 2504 345 2575 Ritschl
377 2504 522 2582 Schaefer,
557 2504 579 2563 I.
602 2504 742 2575 Schmidt,
772 2505 808 2563 de
837 2504 934 2582 Sybari,
968 2505 1086 2564 Vsener.
1141 2503 1321 2572 Buecheleri‚

222 2613 414 2684 Heimsoethi,
445 2613 565 2672 Vseneri
593 2615 797 2672 benevolentia
818 2619 952 2692 receptus
980 2635 1043 2673 sum
1075 2617 1106 2671 in
1134 2614 1320 2672 seminarium

221 2726 335 2800 regium
354 2723 562 2800 philologicum
585 2723 746 2792 Bonnense,
776 2725 858 2782 cuius
879 2743 933 2799 per
956 2725 1017 2781 tria
1035 2725 1186 2782 semestris
1209 2723 1251 2780 fui
1276 2741 1322 2780 so·

222 2832 297 2890 dalis
330 2831 506 2902 ordinarius,
543 2851 595 2908 per
627 2851 716 2888 unum
749 2835 855 2890 senior.
899 2831 1171 2889 Exercitationibus
1196 2833 1256 2902 suis
1289 2837 1323 2886 ut

222 2943 392 2998 interessem
411 2940 537 3016 benigne
552 2945 757 2998 concesserunt
771 2940 966 3017 epigraphicis
980 2938 1140 2998 Buecheler
1152 2945 1183 2998 et
1196 2937 1323 3007 Kekule,

156 3069 160 3074 ·
222 3048 406 3126 philologius
419 3048 579 3107 Buecheler
593 3054 623 3107 et
634 3048 737 3115 Hiller,
750 3049 937 3106 aristotelicis
949 3047 1059 3124 Meyer,
1079 3049 1183 3124 geticis
1198 3047 1324 3106 Reiffer-

223 3157 330 3216 scheid.
375 3158 452 3230 Quos
474 3160 552 3217 viros
574 3177 673 3216 omnes
696 3163 785 3234 grata
804 3177 919 3234 semper
941 3158 1033 3215 eclam
1055 3158 1208 3228 memoria,
1233 3157 1321 3214 Bue-

222 3265 354 3324 cheler
376 3287 444 3326 vero
467 3274 497 3325 et
519 3267 651 3324 Vsener
678 3271 741 3324 tam
763 3267 918 3342 insigniter
940 3266 976 3324 de
999 3285 1044 3323 me
1067 3273 1137 3324 sunt
1159 3267 1267 3334 meriti,
1289 3272 1324 3323 ut

222 3377 334 3447 gratias
356 3375 414 3434 illis
437 3377 506 3434 viris
528 3375 631 3452 dignas
653 3395 742 3451 agere
765 3394 809 3432 me
830 3394 915 3451 posse
937 3375 1099 3452 desperem.
