3036 4928
742 329 778 388 13

215 515 376 574 utebantur
409 514 447 573 ad
480 516 605 572 virtutes
631 515 771 572 orationis
800 512 990 570 illustrandae
1017 512 1157 588 exemplis
1185 531 1220 570 ex
1246 516 1311 570 arte

213 625 343 702 fingendi
370 625 415 682 vel
437 624 575 701 pingendi
597 625 707 701 petitis.
740 622 882 681 Caecilius
904 622 997 698 igitur
1013 652 1052 660 -
1072 641 1139 679 nam
1162 641 1226 678 eum
1239 617 1312 679 ”esse

209 728 258 790 τὸν
279 727 427 810 γράφοντα
442 733 527 790 multi
548 732 687 792 viderunt
696 728 718 806 ¹)
734 761 775 770 -
790 735 950 807 praeeunte
972 729 1111 803 Dionysio
1120 724 1146 806 2)
1164 725 1217 806 τὴν
1231 724 1311 803 ἀκρί-

210 842 292 918 βειαν
308 844 359 919 τῆς
371 835 466 919 τέχνης
488 861 546 918 qua
567 841 695 900 artifices
712 839 904 907 excellebant,
928 838 1122 915 scriptoribus
1140 837 1312 896 imitandam

210 956 406 1028 proposuerat
427 950 559 1027 exemplo
593 969 663 1008 usus
689 950 810 1017 invicto,
837 951 872 1006 ut
904 947 1040 1024 putabat,
1070 951 1101 1005 et
1132 947 1310 1006 indubitato.

211 1059 290 1118 Haec
312 1061 363 1136 qui
377 1059 520 1136 legerant,
542 1078 579 1116 na
594 1043 696 1135 primis
718 1057 835 1134 quidem
854 1057 912 1116 illis
933 1057 1026 1115 nostri
1048 1057 1200 1133 scriptoris
1215 1055 1312 1115 verbis

211 1169 242 1225 in
264 1185 393 1226 errorem
417 1168 516 1226 induci
537 1172 685 1244 poterant.

295 1275 375 1346 Quae
397 1275 493 1334 adhue
515 1276 641 1334 tractavi
664 1278 761 1334 omnia
783 1277 930 1333 artissime
950 1293 1061 1332 conexu
1079 1279 1165 1332 erant
1186 1293 1251 1331 cum
1267 1275 1312 1346 iis,

129 1368 135 1380 .
213 1385 319 1462 quibus
342 1383 460 1444 Caecilii
490 1404 592 1444 nomen
624 1385 791 1462 adpositum
816 1383 994 1444 videbamus.
1038 1382 1167 1442 Transeo
1202 1382 1240 1440 ad
1263 1402 1310 1441 res

213 1513 288 1570 quae
314 1495 451 1572 propriae
478 1499 547 1553 sunt
573 1493 733 1567 rhetorum,
767 1494 908 1551 terminos
937 1493 1001 1552 dico
1029 1492 1192 1552 rhetoricos
1223 1496 1312 1568 atque

212 1605 354 1681 exempla.
386 1604 450 1675 Qua
469 1605 500 1660 in
522 1623 554 1661 re
577 1623 643 1662 cum
665 1603 776 1662 multae
797 1601 971 1661 tractandae
994 1604 1052 1660 sint
1067 1602 1207 1660 minutiae
1229 1620 1313 1679 prae-

211 1714 268 1772 fari
289 1715 372 1786 iuvat
393 1731 470 1789 quae
491 1733 526 1771 ex
546 1712 729 1790 singularum
749 1731 848 1771 rerum
869 1712 1038 1771 collectione
1058 1715 1148 1788 atqua
1163 1730 1314 1788 compara·

212 1824 292 1880 tione
322 1822 434 1880 elucere
467 1821 538 1880 mihi
561 1823 656 1880 visum
685 1828 740 1902 est.
783 1822 882 1897 Atque
909 1821 1034 1898 primum
1066 1821 1192 1896 scriptor
1213 1823 1314 1877 noster

215 1932 330 1988 minime
355 1931 440 2006 parvi
462 1929 610 2007 pendebat
631 1949 678 1988 res
707 1923 879 2000 rhetoricas,
910 1930 1041 2004 quamvis
1062 1928 1211 1987 interdum
1237 1928 1313 1987 hanc

215 2040 339 2115 speciem
361 2037 473 2108 induat,
495 2037 547 2097 sed
569 2039 658 2096 etiam
679 2040 710 2095 in
733 2037 778 2096 his
794 2036 1009 2096 subtilitatibus
1032 2039 1180 2114 propriam
1196 2043 1314 2096 secutus

214 2155 259 2208 est
281 2153 367 2208 viam.
412 2148 525 2207 Deinde
545 2148 681 2207 sumebat
703 2149 820 2224 quidam
842 2148 974 2224 exempla
996 2168 1014 2206 a
1036 2147 1161 2206 Caecilio
1183 2147 1313 2207 breviter

214 2279 290 2336 quae
324 2259 468 2336 probarat
493 2259 703 2335 perstringens,
732 2257 782 2316 sed
810 2259 935 2334 saepius,
957 2256 1035 2333 quod
1065 2261 1217 2316 mutuatus
1249 2260 1314 2314 erat

212 2367 386 2443 exemplum,
401 2366 550 2424 luculenta
573 2366 671 2442 aliqua
692 2368 938 2443 interpretatione
952 2366 996 2424 ita
1011 2367 1175 2435 exornavit,
1196 2369 1231 2423 ut
1246 2366 1313 2422 novi

217 2474 331 2551 aliquid
351 2475 387 2533 de
410 2493 463 2532 suo
486 2473 615 2546 adderet,
640 2479 694 2534 aut
716 2476 802 2533 aliam
831 2477 861 2532 in
884 2495 917 2532 eo
937 2475 1077 2534 virtutem
1101 2472 1242 2544 laudavit,
1268 2478 1313 2531 at·

215 2603 271 2660 que
293 2603 370 2660 quae
392 2581 518 2644 Caecilio
547 2584 709 2662 placuerat.
752 2583 785 2642 ld
813 2583 937 2660 danique
960 2585 1082 2641 maxime
1104 2583 1130 2640 ei
1153 2588 1218 2642 arat
1241 2603 1312 2660 pro·

215 2695 353 2770 positum,
387 2698 422 2750 ut
453 2692 614 2752 adversarii
645 2693 751 2751 librum
782 2695 859 2751 omni
888 2713 923 2751 ex
952 2697 1038 2770 parta
1069 2694 1198 2752 vinceret
1229 2694 1313 2768 eique

214 2804 299 2882 quasi
320 2802 457 2860 tenebras
480 2821 532 2860 suo
553 2802 669 2878 fulgora
690 2801 861 2878 obducerat;
881 2803 982 2877 itaque
1006 2804 1108 2878 attigit
1129 2806 1245 2860 tantum
1268 2799 1313 2859 vel

215 2913 311 2970 omisit
338 2931 414 2988 quaa
445 2931 585 2988 superare
615 2932 645 2970 se
675 2931 761 2989 possa
788 2930 846 2969 non
870 2910 1019 2988 sperabat,
1044 2913 1156 2988 recepit
1177 2929 1256 2982 vero,
1281 2911 1313 2967 in

216 3020 322 3096 quibus
345 3021 525 3098 superiorem
546 3041 577 3079 se
599 3021 732 3079 futurum
748 3020 921 3083 confidebat.

315 3129 414 3206 Atque
443 3129 515 3189 haec
537 3135 571 3188 ut
601 3129 812 3207 intellegerem,
837 3150 943 3206 magno
970 3131 1037 3188 usui
1059 3133 1144 3186 erant
1169 3147 1244 3204 qnae
1277 3127 1313 3186 de

215 3237 317 3315 figuris
339 3237 530 3314 disputantur
550 3259 613 3316 cap.
634 3241 765 3299 16-29.
788 3239 862 3298 Nam
877 3240 928 3297 alii
948 3258 1064 3314 quoque
1079 3240 1131 3313 qui
1153 3237 1188 3296 de
1210 3237 1313 3315 figuris

215 3349 356 3424 scripsere
379 3347 586 3419 Quintilianus,
609 3347 751 3420 Tiberius,
775 3343 984 3424 .llexandar³),
1010 3345 1226 3405 Phoebammon
1242 3345 1310 3405 Cae·

319 3476 344 3543 l)
363 3475 407 3528 Sic
426 3474 547 3528 Blassius
568 3475 584 3527 l.
605 3493 626 3529 s.
647 3479 674 3528 et
693 3474 805 3528 Iahnius
824 3474 852 3527 in
871 3475 991 3528 Hermae
1009 3474 1063 3527 vol.
1083 3473 1117 3537 11,
1135 3491 1163 3542 p.
1181 3475 1242 3527 239.

316 3571 345 3640 2)
363 3589 390 3640 p.
410 3571 462 3624 209
481 3564 595 3624 nutrire
614 3567 666 3640 γὰρ
684 3572 791 3640 μᾶλλον
808 3572 872 3642 ἐμοὶ
891 3571 968 3623 δοκεῖ
985 3563 1135 3640 προσήκειν
1144 3567 1224 3639 ἀνδρὶ
1235 3589 1314 3622 κατα-

218 3661 370 3729 σκευάζοντι
389 3661 486 3736 λόγους
504 3665 657 3726 πολιτικοὺς
676 3709 681 3721 .
701 3707 707 3720 .
729 3703 735 3722 .,
757 3709 762 3721 .
785 3664 907 3738 μηδενὸς
924 3668 979 3721 τῶν
997 3667 1148 3738 ἐλαχίστων
1165 3663 1314 3736 ὀλιγωρεῖν,

216 3754 405 3835 ἢζωγρὰφων
430 3780 457 3816 τε
476 3766 522 3816 καὶ
540 3765 672 3834 τορευτῶν
696 3768 794 3819 παισὶν
822 3804 827 3818 .
848 3807 853 3818 .
959 3766 1021 3833 περὶ
1048 3759 1081 3816 τὰ
1100 3766 1200 3834 φλέβια
1219 3763 1314 3816 καὶτὰ

217 3862 297 3911 πτίλα
324 3863 369 3912 καὶ
397 3856 447 3912 τὸν
466 3862 553 3928 χνοῦν
582 3864 628 3913 καὶ
655 3857 702 3919 τὰς
718 3855 841 3918 τοιαύτας
866 3863 1044 3931 μικρολογίας
1061 3865 1231 3930 κατατρίβειν
1260 3861 1315 3926 τῆς

216 3958 339 4026 τέχνης
355 3952 417 4022 τὴν
434 3951 620 4025 ἀκρίβειαν.
657 3957 693 4010 of.
713 3957 831 4038 similem
854 3956 946 4011 locum
966 3974 992 4025 p.
1014 3959 1090 4011 1114.

324 4050 351 4120 3)
369 4051 409 4104 De
429 4051 581 4105 Alexandri
600 4056 662 4123 περὶ
680 4049 830 4124 σχημάτων
846 4055 971 4106 tractatu
995 4052 1054 4122 (lll,
1074 4053 1099 4105 7.
1119 4051 1186 4121 Sp),
1214 4052 1260 4120 qui
1279 4069 1314 4106 ex

216 4146 336 4214 genuino
347 4147 499 4201 Alexandri
510 4148 641 4206 Numenii
661 4149 735 4206 libro
752 4153 900 4222 excerptus
913 4152 964 4214 est,
984 4148 1019 4238 oi.
1031 4145 1184 4206 Steusloifii
1196 4147 1312 4238 Ilissert.

217 4240 331 4298 vratisl.
354 4245 429 4300 1861.
