3036 4928
766 290 801 347 11

235 469 329 544 ζουοιν
351 477 485 550 sequitur
507 469 601 552 φησίν,
624 475 717 533 altero
739 481 807 551 post
830 465 1014 554 διασύρουσιν
1034 498 1064 554 p.
1079 477 1129 548 53,
1152 480 1171 534 4
1191 478 1333 553 scripturn

235 582 352 660 quidem
382 588 427 642 est
456 579 530 660 φασί
552 605 579 643 v.
606 585 652 655 l0,
671 605 747 650 „cnm
771 588 903 662 proxime
926 587 1080 646 antecedat
1100 580 1187 664 φησίν
1209 586 1247 644 ad
1270 585 1335 644 Pla-

235 697 333 750 tonem
360 695 520 769 pertinens,
544 693 595 751 sed
617 698 678 752 tam
702 695 863 770 singularia
885 699 955 752 nunt
976 694 1067 753 verba
1078 690 1113 769 ¹),
1136 699 1169 752 ut
1191 701 1334 771 appareat

235 803 321 860 nnius
344 803 400 860 viri
419 801 530 860 dictum
552 821 615 860 esse
638 802 773 860 rolatum.
817 801 912 861 Notus
932 823 1002 862 vero
1020 802 1067 861 hic
1086 803 1189 860 debuit
1211 823 1274 861 esse
1295 803 1335 861 le·

234 909 373 968 ctoribus.
416 907 488 967 Cum
507 911 609 986 igitur,
642 917 678 969 ut
700 905 971 988 demonstravimus,
1003 911 1159 970 Caecilium
1190 914 1335 970 nominari

235 1039 352 1078 necesse
383 1038 441 1077 non
463 1021 564 1091 suerit,
593 1021 793 1079 cavillationes
822 1040 890 1078 vero
919 1024 994 1079 istae
1021 1021 1151 1079 Platonis
1178 1039 1242 1078 cum
1272 1022 1334 1078 eius

232 1129 350 1202 ingenio
371 1129 481 1204 optime
504 1132 678 1203 congruant,
699 1128 771 1186 haec
797 1146 914 1204 quoque
944 1128 982 1186 ad
1003 1147 1070 1186 aum
1096 1127 1250 1186 referenda
1271 1147 1335 1188 esse

235 1255 348 1295 causeo.

334 1345 621 1405 Restant'nonnulla
643 1367 680 1404 ex
700 1345 756 1404 hac
781 1349 846 1422 ipra
868 1346 1070 1423 disputatione
1097 1347 1133 1404 de
1160 1365 1334 1423 magnorum

233 1455 416 1532 ingeniorum
438 1457 520 1514 vitiis
542 1455 711 1533 repetenda.
757 1455 912 1532 Proposito
934 1457 1011 1512 enim
1027 1453 1144 1514 Caecilii
1166 1455 1273 1514 indicio
1297 1455 1333 1513 de

158 1581 163 1586 ·
235 1561 325 1638 Lysia
348 1561 465 1622 Platoni
485 1563 677 1640 praeferendo
696 1565 860 1638 generatim
882 1565 1035 1638 quaeritur
1057 1583 1120 1640 cap.
1145 1565 1192 1636 33,
1217 1557 1336 1639 πότερόν

236 1690 303 1728 ποτε
335 1663 367 1728 αἱ
391 1667 541 1742 πλείους
571 1667 670 1747 ἀρεταὶ
691 1666 722 1728 τὸ
754 1669 893 1745 πρωτεῖον
913 1665 945 1728 ἐν
967 1664 1061 1748 λόγοις
1091 1662 1161 1748 ἢαλ
1182 1664 1336 1746 μείζους

238 1775 354 1871 τλικαίως
371 1773 407 1837 ἂν
425 1773 598 1858 plantator).
641 1780 682 1838 Et
702 1781 809 1857 respici
831 1779 949 1855 quidem
971 1778 1128 1838 Caecilium
1148 1781 1178 1837 in
1200 1779 1255 1837 hac
1277 1779 1333 1837 dis·

237 1890 393 1964 quisitione
422 1894 507 1965 patet
536 1889 705 1964 dudumque
737 1892 782 1946 est
812 1888 1002 1962 intellectum.
1048 1887 1105 1946 Sed
1140 1888 1188 1946 hic
1219 1906 1336 1966 quoque

236 1997 361 2054 certiora
386 2000 512 2074 vestigia
533 1998 626 2064 illius¹
642 1996 710 2054 libri
743 1997 836 2055 latere
865 2001 947 2073 puto.
992 1996 1091 2072 Atque
1115 2015 1246 2072 premere
1268 1995 1336 2053 nolo

236 2106 265 2162 in
295 2105 358 2163 loco
388 2126 474 2182 quem
505 2101 701 2182 sunsei-ipsiu
724 2105 821 2164 verbis
859 2098 919 2163 οὐτ’
933 2099 1098 2182 ὂλίγααάλ
1120 2098 1229 2174 αὐτός
1259 2109 1336 2163 tecte

235 2213 358 2272 indicari
391 2234 449 2274 non
482 2214 566 2272 modo
598 2235 657 2274 non
688 2235 782 2292 pauca
812 2214 864 2273 sed
893 2220 1023 2273 sescenta
1048 2215 1121 2272 talia
1152 2216 1336 2290 vituperasse

236 2321 401 2380 (laecilinm.
424 2311 624 2398 ἁμαρτήμασι
640 2343 710 2382 vero
725 2316 880 2382 ἑκούσια
896 2343 972 2398 nego
988 2326 1060 2382 satis
1083 2321 1225 2399 explicari
1239 2341 1334 2399 posse,

236 2432 293 2488 nisi
315 2429 433 2495 Caecilii
466 2429 604 2488 iudicium
631 2432 821 2493 subiciamus.
866 2432 912 2490 Illi
947 2437 1032 2489 erant
1054 2431 1274 2489 voluntaria
1300 2451 1334 2488 ea

236 2541 318 2610 vitia,
351 2537 387 2597 de
410 2538 516 2616 quibus
549 2543 658 2617 agitur,
693 2542 827 2599 nimirum
862 2541 1003 2600 studio
1034 2538 1223 2599 sublimitatis
1256 2544 1336 2616 nata,

235 2667 300 2707 cum
322 2647 508 2707 adversarius
529 2670 588 2709 nou
616 2671 652 2708 ex
674 2653 789 2709 curiosa
816 2670 915 2708 rernm
941 2670 1084 2709 novarum
1111 2651 1335 2726 conquisitione,

200 2839 203 2844 1
236 2758 344 2816 sodex
365 2759 552 2835 neglegentia
569 2760 696 2836 quadam
719 2763 832 2838 magnis
852 2759 1042 2818 condonanda
1064 2761 1190 2837 ingeniis
1212 2764 1279 2818 orta
1302 2778 1337 2817 ea

237 2887 300 2926 esso
322 2867 456 2927 affirmet.

305 3015 307 3022 ·
339 2976 409 3055 (lap.
435 2979 474 3036 34
497 2981 540 3036 ita
562 2979 754 3056 impugnatur
776 2976 893 3036 Caecilii
919 2978 1073 3050 sententia,
1097 2981 1132 3034 ut
1154 2977 1179 3034 si
1202 2981 1337 3034 constare

239 3141 262 3189 εἰ
280 3131 413 3206 πρόβατα,
440 3144 535 3209 φησίν,
566 3132 665 3191 ἐκώλυε
690 3139 846 3204 κεκτῆσθαι,
876 3138 958 3204 δῆλον
984 3132 1025 3190 ὅτι
1053 3134 1215 3208 προβάτοισι
1240 3131 1274 3190 ἂν
1292 3141 1337 3189 καὶ

237 3228 328 3299 βόειον
345 3236 463 3300 πλοῦτον
482 3235 581 3303 ἔλεγεν.

339 3328 364 3398 1)
382 3323 507 3399 νήφοντα
523 3324 584 3398 γάρ,
612 3335 692 3400 φασί,
724 3326 792 3384 θεὸν
811 3327 842 3383 τὸ
870 3324 944 3400 ὕδωρ
964 3332 1060 3398 λέγειν,
1088 3324 1202 3382 κόλασιν
1231 3329 1263 3382 δὲ
1290 3326 1339 3394 τὴν

239 3425 343 3494 κρᾶσιν,
363 3427 476 3492 ποιητοῦ
495 3443 566 3484 τινος
587 3429 624 3494 τῷ
644 3420 701 3480 ὅττι
720 3423 782 3496 οὐχὶ
801 3421 938 3498 νήφοντος
956 3427 1021 3480 ἐστι.

337 3520 365 3588 2)
385 3521 491 3574 Similia
511 3521 670 3576 Caecilianis
690 3539 761 3591 quae
779 3522 946 3576 refelluntur
964 3523 1020 3574 iam
1038 3521 1186 3589 Dionysius
1204 3521 1339 3576 docuerat

238 3616 266 3668 in
285 3617 388 3673 iudicio
410 3617 443 3671 da
462 3617 585 3686 Thucyd.
605 3637 632 3686 p.
651 3621 713 3672 815:
735 3625 862 3688 κρατίστη
875 3619 914 3671 ’δὲ
933 3613 1096 3688 (ἀνθρώπου
1108 3612 1199 3689 φύσις)
1217 3615 1233 3684 ἡ
1252 3619 1339 3670 πλεῖ·

240 3728 300 3766 στα
318 3714 374 3786 μὲν
392 3696 619 3786 ἔιτιτογὶάνουσα,
639 3709 801 3786 ἐλάχιστα
821 3717 852 3772 δὲ
871 3712 1028 3786 ἀστοχοῦσα
1047 3716 1103 3768 κτλ.

337 3810 365 3878 3)
381 3827 409 3878 p.
429 3811 471 3870 54.
502 3814 532 3862 ll
553 3828 611 3880 sqq.
638 3815 873 3881 παρατεθειμένος
901 3810 927 3862 δ’
947 3806 1004 3862 οὐκ
1026 3805 1128 3878 ὀλίγα
1157 3812 1213 3861 καὶ
1241 3805 1340 3868 αὐτὸς

237 3899 420 3976 ἁμαρτήματα
439 3901 616 3977 καὶὊμὴρου
634 3911 679 3959 καὶ
697 3905 751 3960 τῶν
769 3901 866 3973 ἄλλων,
895 3943 1113 3959 .........
1140 3900 1216 3966 ὅμως
1235 3904 1267 3957 δὲ
1286 3899 1339 3975 οὐχ

238 3997 464 4073 ἁμαρτήματα
488 4004 594 4073 μᾶλλον
611 4000 679 4056 αὐτὰ
700 3998 842 4060 ἑκούσια
863 4003 953 4056 καλῶν
980 3998 995 4068 ἢ
1015 3995 1197 4071 necopinato
1217 3997 1252 4054 δι’
1273 3998 1340 4072 ἀμέ-

237 4101 311 4152 λειαν
329 4099 388 4165 εἰκῆ
404 4119 459 4151 που
485 4103 530 4151 καὶ
549 4099 585 4158 ὠς
603 4101 698 4170 ἔτυχεν
723 4097 778 4153 ὑπὸ
797 4097 987 4170 μεγαλοφαΐας
1009 4092 1194 4160 ἀνεπιστάτως
1222 4115 1338 4172 παρενη-

237 4200 366 4268 νεγμέια,
385 4181 564 4264 cilliniacus
583 4197 657 4267 οἶμαι
681 4198 735 4250 κτλ.
