3036 4928
760 339 778 400 ’ί

221 530 339 588 ratione
372 527 499 587 indolem
532 533 662 586 nostram
693 526 732 584 ad
755 507 965 585 sublimitatem
993 523 1070 582 alere
1092 530 1182 600 atque
1213 539 1321 601 augere

221 638 368 714 possimus
380 631 411 712 ¹).
453 636 536 708 Quae,
558 641 697 694 secuntur
718 629 1031 710 verba²)xgermanom
1053 635 1169 711 spirant
1187 632 1320 703 ironiam,

220 765 279 822 qua
301 748 327 805 is
347 748 453 816 utitur,
485 746 537 822 qui
558 747 669 821 ingenii
698 745 744 802 eui
765 745 954 820 persuasione
976 743 1071 801 fretus
1103 743 1249 801 hominem
1271 761 1319 800 cu·

210 856 342 924 riosum,
364 853 416 912 sed
438 856 467 912 in
491 852 651 912 humilibus
675 853 765 912 rebus
788 853 1034 928 infructuosisque
1062 851 1249 910 'laborantem
1273 850 1321 908 de-

221 963 308 1022 ridet.
351 963 418 1021 Non
438 964 532 1036 igitur
553 961 699 1038 probandi
719 963 769 1038 qui
792 978 828 1020 ex
850 960 895 1019 bis
917 961 1015 1020 verbis
1039 960 1152 1018 efficere
1163 961 1321 1019 voluerunt

223 1073 379 1132 Caecilium
399 1075 525 1151 primum
548 1071 584 1130 de
608 1072 659 1130 illo
682 1075 857 1146 argumento
881 1071 983 1144 egisse.
1027 1068 1127 1146 Atque
1148 1070 1226 1129 idem
1248 1058 1321 1128 illud

221 1181 351 1239 studium
386 1180 584 1257 exemplorum
617 1178 869 1255 congerendorum
903 1178 1017 1238 duobus
1058 1185 1213 1256 praeterea
1251 1179 1321 1238 loeis

96 1318 99 1320 ·
162 1359 164 1365 y
221 1290 364 1368 apparet‘
378 1308 472 1366 neque
494 1308 563 1348 casu
587 1289 697 1347 factum
722 1286 837 1346 videtur
859 1287 938 1363 quod
961 1292 1092 1364 utroque,
1109 1288 1172 1346 loco
1194 1286 1322 1346 devitiis

222 1401 362 1458 sermonis
386 1401 495 1474 egitur.
540 1397 614 1457 Nam
636 1417 666 1474 p.
688 1398 735 1466 14,
761 1390 832 1469 12³)
854 1397 885 1454 in
905 1395 1101 1473 vituperando
1117 1395 1236 1454 Timaeo
1257 1414 1322 1453 cum

222 1505 349 1566 Caecilio
381 1509 509 1584 scriptor
530 1508 685 1576 consentit,
709 1511 740 1563 et
760 1524 790 1581 p.
815 1505 864 1576 49,
889 1501 941 1578 14)
975 1505 1196 1581 Theopompum
1221 1511 1324 1564 contra
1393 1566 1399 1575 ,

220 1615 302 1674 illum
325 1615 466 1674 defendit.
512 1614 647 1674 Videmus
663 1617 758 1691 igitur
771 1616 844 1673 vitia
861 1615 1003 1692 imprimis
1031 1614 1207 1673 sublimitati
1229 1616 1324 1672 vicina

223 1726 363 1803 exemplis
384 1725 549 1784 illustrasse
571 1722 735 1782 Caecilium.
778 1723 812 1780 Id
836 1721 915 1798 quod
946 1725 1082 1798 congruit
1103 1743 1168 1781 cum
1190 1721 1252 1782 loco
1274 1741 1320 1781 se·

224 1835 327 1908 quenti
347 1853 377 1910 p.
401 1835 450 1905 49,
476 1828 557 1909 13⁵).
600 1833 646 1890 lbi
667 1834 744 1889 enim
767 1833 896 1890 vetuisse
918 1829 1180 1889 dieiturCaecilius
1202 1830 1323 1889 nimium

224 1942 464 2018 metaphorarum
472 1962 574 2011 «usum,
598 1961 663 2001 cum
678 1940 961 2000 adversariusetiam
973 1940 1117 1997 cumulari
1137 1939 1324 2016 metaphoras

224 2055 303 2107 recte
336 2053 453 2127 saepius
486 2071 573 2128 posse
595 2048 742 2108 ostendat.
787 2047 863 2105 Erat
891 2048 984 2121 igitur
1005 2045 1158 2118 Caecilius,
1190 2046 1268 2123 quod
1289 2067 1324 2105 ex

224 2158 415 2235 sequentihus
440 2157 517 2236 (cap.
533 2153 669 2232 32-36)
691 2158 778 2215 etiam
794 2157 900 2214 clarius
912 2156 1016 2232 elucet,
1037 2159 1201 2232 incomptae
1216 2155 1323 2214 medio·
1372 2137 1374 2152 Ι

221 2268 335 2325 critatis
357 2272 511 2344 patronus.
555 2267 630 2339 Quin
654 2271 811 2342 tantopere
830 2264 989 2323 adamabat
1010 2251 1322 2342 simplicitatemillam

222 2395 310 2452 quam
337 2378 458 2452 proprie
478 2369 613 2435 ‘Atticam
643 2372 795 2453 appellare
824 2374 968 2448 solebant,
1003 2380 1038 2433 ut
1059 2363 1178 2450 Lysiam
1202 2379 1322 2451 ontepo·

222 2489 308 2542 neret
328 2483 446 2542 Platoni
455 2481 491 2558 ⁶).
537 2483 611 2542 Nam
642 2487 776 2561 quamvis
807 2484 862 2542 hoe
893 2484 1031 2542 iudicium
1060 2502 1095 2540 ex
1128 2484 1186 2541 alio
1206 2481 1324 2541 Caecilii

324 2724 350 2793 1)
370 2720 400 2776 τὸ
412 2719 662 2795 συγγραμμάτιον.
684 2765 690 2778 .
712 2765 718 2779 .
732 2719 925 2794 ταπεινότερον
934 2717 1024 2795 ίιγάνη
1034 2725 1080 2790 τῆς
1090 2719 1153 2790 ὅλης
1162 2722 1324 2782 ὑποθέσεως

224 2824 270 2873 καλ
279 2816 375 2886 ἥκιστα
395 2819 450 2872 τῶν
461 2825 573 2888 καιρίων
582 2815 781 2891 ἐφαπτόμενον
800 2860 914 2874 .....
935 2861 943 2889 ,
962 2825 1018 2889 εἴγε
1038 2857 1149 2873 .....
1169 2825 1251 2872 ποῖον
1268 2823 1324 2890 μέν

162 2974 165 2980 ,
222 2937 249 2968 τι.
260 2911 376 2986 ὑπάρχει
396 2909 427 2968 ed
439 2913 546 2984 ὑψηλὸν
556 2909 604 2968 διά
620 2921 729 2986 μυρίων
745 2911 821 2970 ὅσων
839 2913 874 2974 ὡς
886 2911 1015 2984 ἀγνοοῦσι
1035 2915 1159 2984 πειρᾶται
1179 2910 1324 2977 δεικνύναι,

223 3007 253 3063 τὸ
274 3011 304 3062 di
324 3010 359 3081 (λς’
386 3004 450 3064 ὅτου
467 3005 571 3079 τρόπου
594 3007 641 3068 τάς
659 3009 762 3064 ἑαυτῶν
782 3003 880 3081 φάσεις
906 3003 1040 3080 προάγειν
1067 3005 1214 3082 ίσχάοιμεν
1232 3003 1267 3064 dv
1288 3013 1326 3069 εἰς

223 3103 315 3171 ποσὴν
332 3109 469 3176 μεγέθους
487 3105 623 3168 ἐπίδοσιν,
642 3099 691 3157 οὐκ
710 3105 762 3158 οἶδ’
781 3101 857 3163 ὅπως
875 3103 910 3164 ὠς
929 3100 977 3158 οὐκ
996 3101 1147 3174 ἀναγκαῖον
1165 3107 1325 3176 παρέλιπεν,

325 3201 353 3272 2)
375 3198 447 3268 πλὴν
473 3205 539 3259 ἴσοις
555 3205 662 3254 τουιονλ
679 3199 735 3272 μὲν
760 3197 810 3256 τὸν
828 3195 915 3270 άνιλρα
933 3197 985 3272 οὐχ
1011 3197 1094 3260 οὕτως
1111 3203 1252 3254 αἰτιᾶσθαι
1269 3203 1345 3274 τῶνΙ

223 3297 449 3368 ἐκλελειμμένων,
469 3293 505 3354 ὡς
523 3292 604 3361 αὐτῆς
620 3297 667 3363 τῆς
685 3297 807 3355 ἐπινοίας
825 3299 870 3349 καλ
890 3297 1012 3364 σπουδῆς
1029 3289 1103 3357 ditor
1120 3298 1250 3352 lucrosis.

322 3394 349 3462 3)
368 3393 402 3448 cl.
422 3411 448 3462 p.
472 3394 488 3446 ὅ
508 3392 571 3446 adn.
588 3395 613 3446 4.
651 3392 696 3446 Ad
713 3391 740 3445 b.
763 3391 780 3445 1.
802 3391 983 3448 Ruhnkenius
1003 3395 1163 3448 observavit
1181 3395 1255 3448 inter
1274 3393 1320 3447 fri-

221 3487 290 3565 gida
308 3487 423 3556 Timaei,
443 3505 513 3556 quae
531 3487 670 3555 posuisset
689 3487 831 3557 Caecilius,
853 3488 912 3540 sine
932 3488 1018 3542 dubio
1037 3489 1120 3542 etiam
1140 3489 1210 3543 illud
1229 3489 1324 3557 fuisse,

224 3585 297 3652 quod
315 3585 455 3655 legeretur
473 3585 547 3654 apud
565 3585 746 3640 Plutarchum
765 3585 799 3651 ll,
819 3587 871 3637 717
892 3584 919 3638 C.

326 3680 354 3751 4)
372 3677 403 3734 τὸ
421 3682 469 3734 τοῦ
487 3675 659 3752 Θεοπόμπου
686 3719 798 3734 .....
826 3675 895 3749 ὅπερ
914 3677 929 3733 ὁ
951 3681 1089 3738 Καικίλιος
1107 3675 1155 3733 οὐκ
1174 3679 1226 3732 oid’
1250 3676 1327 3738 ὅπως

208 3769 210 3772 ’
223 3774 443 3849 καταμέμφεταί.

322 3867 350 3933 o)
369 3869 433 3936 περὶ
444 3865 476 3918 δὲ
495 3858 618 3932 πλήθους
635 3868 682 3917 καὶ
693 3859 815 3936 (τόλμης)
829 3865 997 3935 μεταφορῶν
1009 3862 1024 3917 ὁ
1038 3863 1095 3935 μὲν
1102 3865 1242 3921 Καικίλιος
1253 3864 1323 3916 ἔοικε

224 3965 476 4030 συγκατατίθεσθαι
493 3967 549 4019 τοῖς
572 3954 622 4014 dic
640 3955 657 4024 ἢ
675 3959 706 4014 τὸ
727 3963 857 4014 πλεῖστον
875 3967 943 4030 τρεῖς
962 3960 1009 4013 ἐπὶ
1027 3955 1123 4012 ταύτοῦ
1137 3959 1324 4027 νομοθετοῦσι

222 4051 376 4111 τάττεσθαι.

323 4154 351 4223 6)
370 4171 396 4223 p.
418 4153 460 4221 53,
482 4154 523 4208 12.
552 4160 609 4212 τοῖς
625 4148 755 4212 τοιούτοις
781 4145 970 4223 ἐλαττώμασιν
992 4152 1139 4222 ἐπιχειρῶν
1166 4145 1243 4222 ὅμως
1259 4146 1324 4204 αὐτὸ

224 4251 363 4309 Καικίλιος
381 4251 412 4304 ἐν
434 4256 490 4309 τοῖς
520 4247 589 4320 ὑπὲρ
609 4255 716 4304 Λυσίου
735 4245 952 4321 συγγράμμασιν
976 4242 1153 4318 άπεθάρρησε
1179 4248 1217 4315 τῷ
1242 4250 1324 4301 παντὶ
