3036 4928
737 349 777 406 20

210 526 408 604 adversarius,
432 531 483 592 sad
497 533 560 610 ipse
577 534 863 609 compositionis
878 533 1052 608 potiuerim
1071 528 1208 591 laudibus
1224 531 1309 590 effert

210 647 240 700 et
262 641 455 720 explicatione
475 640 668 700 demonstrat.

306 751 367 810 Iam
390 753 537 811 intereos
567 753 676 811 artium
698 753 858 830 scriptores
883 770 1010 828 quorum
1035 743 1185 826 αὐξήσεως
1205 748 1307 808 defini·

211 855 288 936 ti01)
313 879 342 936 p.
366 862 415 929 29,
441 861 460 916 4
482 860 663 929 confutatur,
691 857 847 918 Caecilium
880 877 998 936 quoque
1030 857 1214 916 referendum
1246 876 1310 916 esse

210 987 264 1045 por
283 987 314 1026 se
338 975 383 1026 est
404 967 567 1046 probabile.
610 968 731 1028 Accedit
758 968 837 1046 qnod
862 968 962 1026 eadem
995 966 1126 1026 definitio
1148 966 1258 1041 legitur
1278 969 1310 1025 in

208 1081 273 1136 arte
287 1075 432 1153 Anonymi
450 1074 665 1154 Seguemani²)‚
678 1079 759 1137 cuine
779 1079 938 1154 primarius
954 1082 1056 1135 auctor
1068 1077 1125 1134 luit
1140 1074 1308 1134 Alexander

208 1185 379 1245 Numenius.
420 1186 505 1246 Hunc
534 1187 662 1272 enimin
690 1190 823 1245 tractatu
846 1184 882 1243 de
910 1183 1013 1260 liguris
1042 1203 1126 1243 nsum
1154 1203 1217 1243 esse
1238 1184 1309 1243 (lae-

207 1295 274 1354 cilio
307 1299 418 1354 certum
452 1299 508 1354 est.
559 1295 658 1372 Atque
690 1298 777 1356 etiam
812 1297 844 1353 in
879 1301 944 1354 arte
960 1301 1031 1354 'sua
1062 1293 1180 1370 Caecilii
1214 1311 1309 1351 exem-

207 1404 288 1480 plum
311 1422 378 1462 eum
400 1408 532 1462 secutum
554 1422 626 1474 esse,
652 1403 730 1479 quod
753 1423 790 1461 ex
811 1402 986 1474 Quintiliani·
1003 1402 1221 1479 comparatione
1243 1400 1307 1459 effi-

208 1531 273 1571 cere
300 1511 415 1571 studuit
442 1510 605 1571 Morawski
626 1511 666 1590 (p
691 1514 728 1571 37
753 1505 842 1589 sqq),
864 1516 967 1571 nostro
998 1511 1061 1569 loco
1092 1509 1309 1587 comprobatur.

308 1620 438 1680 Transeo
469 1619 506 1679 ed
523 1621 617 1680 locum
651 1640 680 1696 p.
706 1621 754 1696 32,
779 1620 833 1678 14:
865 1613 952 1696 ὄγκον
975 1661 1165 1678 .......
1191 1615 1240 1676 καί
1276 1610 1309 1674 αἱ

208 1724 365 1808 φαντασίαι
401 1722 752 1804 τιαρασκεναστικώταται·
783 1721 855 1785 odam
889 1729 960 1804 γοῦν
992 1721 1191 1797 εἰδωλοποιίας
1222 1721 1311 1796 aaran

208 1831 275 1896 ἔνιοι
298 1831 419 1916 λέγουσι,
442 1838 544 1914 Atque
566 1837 812 1914 Wyttenbacbius
834 1829 923 1906 οίίιιος
944 1837 1113 1912 „eleganter
1136 1831 1308 1895 abundare“

207 1942 367 2024 putavitl),
390 1953 424 2006 ut
445 1949 483 2006 sit
519 1967 638 2006 sensus:
670 1941 825 2025 φαντασίαι
856 1965 929 2023 qnae
958 1946 1090 2004 nonnulli
1111 1939 1312 2013 είδωλοποίίας

209 2062 326 2116 vocant.
370 2055 427 2115 Sed
448 2057 580 2132 neglexit
600 2058 657 2114 vim
680 2058 759 2115 vocis
780 2057 860 2134 γοῦν,
882 2076 941 2132 qua
956 2054 1082 2113 efficitur
1102 2059 1137 2113 ut
1161 2045 1236 2111 odam
1258 2073 1308 2112 ne·

209 2167 335 2224 cessario
348 2165 385 2224 ad
397 2159 554 2243 φαντασίαι
568 2165 724 2224 referatur.
746 2164 805 2222 Alii
816 2166 909 2238 igitur
923 2157 1012 2234 αὐτὰς
1023 2163 1114 2222 deleri
1125 2163 1171 2221 vel
1182 2159 1230 2232 τὰς
1239 2167 1308 2221 ante

210 2269 411 2344 εἰδωλοποιίας
425 2273 493 2332 addi
514 2275 671 2332 iusserunt.
697 2273 760 2346 Quo
783 2274 969 2331 factouocem
985 2266 1130 2350 φαντασία
1152 2290 1309 2347 usurpasse

211 2403 265 2460 pro
276 2377 460 2440 είδωλοπσίίά
470 2382 607 2441 ἀλουσίαν
618 2375 720 2440 ἔνιοι.
744 2381 784 2440 At
799 2384 933 2459 sequitur
948 2384 1082 2458 exposita
1098 2379 1310 2455 significatione

210 2495 288 2553 vocis
310 2485 456 2570 φαντασία
476 2493 506 2548 in
524 2493 587 2550 vita
607 2493 751 2550 communi
775 2485 897 2567 (κοινῶς)
924 2491 1076 2549 obtinente
1099 2510 1106 2548 τ
1131 2483 1185 2566 ἤδη
1215 2483 1309 2546 δ’ἒπί

210 2595 317 2659 τούτων
337 2594 549 2677 κεκράτηκε
584 2593 710 2675 τοῦνομα
731 2593 799 2658 ὅταν
819 2593 839 2656 ἃ
859 2593 947 2677 λέγεις
965 2599 1023 2657 κτλ.
1046 2598 1129 2670 Quod
1151 2618 1220 2657 voro
1241 2588 1309 2655 ἔνιοι

208 2711 330 2781 faciunt,
364 2708 441 2770 idem
469 2697 680 2786 κεκρατηκέναι
699 2709 756 2767 dici
785 2711 897 2785 nequit.
953 2708 1087 2786 Apparet
1118 2709 1304 2784 sententiam,

209 2838 297 2896 qnam
312 2818 557 2894 wyttenbachius
580 2821 690 2894 posuit,
712 2818 796 2876 unice
812 2838 910 2876 veram
934 2837 1006 2876 asse.
1050 2817 1130 2876 Haec
1146 2835 1215 2874 vero
1237 2815 1307 2873 eolis

209 2927 307 2987 verbis
321 2921 520 2998 εἰδωλοαοίίας
532 2919 622 2996 αὐτὰς
634 2919 700 2986 ἔνιοι
717 2919 829 3004 λέγουσι
843 2929 929 3012 inest,
953 2926 1127 3002 quibuscum
1141 2917 1215 2982 ob'uo
1236 2925 1308 3002 γοῦν

209 3038 346 3114 coniungi
373 3040 532 3114 nequount.
575 3034 637 3093 Aut
662 3037 755 3112 igitur
778 3035 849 3094 baec
876 3035 966 3094 verba
987 3040 1127 3112 corrupta
1148 3042 1226 3108 eunt,
1255 3037 1308 3092 eut

210 3145 289 3223 quod
309 3146 405 3204 verius
431 3149 514 3222 puto,
544 3148 613 3220 post
637 3145 708 3220 γοῦν
729 3162 830 3202 versus
866 3143 1015 3202 intercidit
1040 3144 1094 3202 hoc
1115 3143 1176 3201 fare
1206 3161 1308 3202 sensu:

313 3371 338 3441 1)
356 3365 436 3442 λόγος
454 3373 579 3441 μέγεθος
597 3375 744 3441 περιτιθεὶς
761 3377 816 3430 τοῖς
834 3369 1032 3443 ὑποκειμένοις.

311 3468 339 3536 2)
357 3461 438 3536 λόγος
455 3469 549 3537 μεῖζον
566 3467 655 3519 ποιῶν
674 3472 824 3538 φαίνεσθαι
842 3464 872 3521 τὸ
892 3468 1016 3537 πρᾶγμα.
1036 3466 1057 3528 Ι,
1075 3469 1135 3536 457,
1155 3469 1179 3521 5.

311 3563 339 3632 3)
358 3561 392 3618 cf.
413 3561 485 3616 Bibl.
505 3562 571 3618 Grit.
589 3561 602 3615 1
620 3579 684 3632 pare
703 3565 719 3616 3
744 3581 771 3632 p.
790 3565 834 3616 47.
853 3562 929 3631 quod
946 3563 1047 3631 repetit
1066 3562 1195 3617 Schaeler
1213 3561 1307 3616 Melet.

211 3660 279 3715 crit.
310 3677 338 3728 p.
357 3661 399 3713 81.
447 3658 502 3712 Sed
520 3659 619 3714 dubito
637 3675 702 3712 num
723 3675 863 3726 umquam,
892 3659 916 3712 si
933 3659 1082 3729 participia
1114 3660 1235 3729 excipias
1262 3657 1308 3726 (of.

211 3754 348 3811 Schaeler.
367 3772 394 3825 p.
418 3753 468 3824 14),
487 3754 581 3807 verbis
601 3753 711 3809 dicendi
730 3753 904 3808 abundanter
924 3752 1050 3808 additum
1069 3755 1106 3807 sit
1125 3752 1218 3813 οὕτως.
1237 3754 1308 3807 Nam

211 3852 296 3906 etiam
323 3849 353 3905 in
370 3849 577 3920 Wyttcnbachii
604 3850 736 3921 exemplis
765 3849 817 3904 hac
836 3866 903 3904 voce
930 3855 1027 3919 aperte
1052 3851 1088 3904 ad
1116 3848 1309 3905 antecedentia

211 3946 370 4016 respicitur,
388 3949 422 4000 ut
439 3945 515 4014 apud
533 3945 713 4000 Plutarchum
733 3945 770 4013 (Il
785 3947 837 3999 480
848 3946 895 4015 Flz
914 3987 920 4000 .
943 3986 949 4000 .
970 3985 976 3998 .
994 3942 1026 4006 ἃς
1044 3944 1131 4017 ὁμοῦ
1148 3945 1184 3998 δι’
1201 3937 1309 3999 εὔνοιαν

212 4039 254 4096 ἀεὶ
272 4045 317 4095 καί
335 4042 522 4114 φιλαδελφίαν
533 4037 642 4110 οίίσας,
661 4038 917 4114 οὗτωςώνόμαζσν
931 4037 1057 4102 Μούσας.
1075 4047 1104 4097 et
1122 4042 1197 4111 apud
1209 4041 1309 4095 Aristi·

214 4139 277 4193 dem
306 4137 410 4207 (1239)
430 4139 518 4192 ἔοικεν
546 4133 679 4208 (ἡπόλις)
707 4137 775 4192 εἶναι
800 4139 864 4193 τῶν
883 4139 971 4193 θεῶν
995 4134 1062 4209 ἱερά,
1094 4135 1189 4208 ὥσπερ
1206 4133 1240 4204 ἣν
1258 4156 1303 4189 κα-

212 4236 305 4288 λοῦσιν
321 4229 425 4293 οὕτως
442 4229 554 4305 ἀγοράν.
574 4233 608 4289 σί,
628 4234 793 4304 Hesychius}
813 4235 888 4289 θεῶν
906 4229 1007 4306 ἀγορά·
1026 4230 1111 4314 ιόφτος
1119 4228 1273 4300 Ἀθήνησιν.
