3036 4928
744 325 780 384 31

212 504 313 586 (1111).
365 511 455 584 Quem
478 531 569 589 aeque
591 518 681 589 atque
703 518 836 606 nostrum
859 515 1032 592 scriptorem
1054 513 1242 575 abhorruisse
1272 514 1309 575 ab

212 621 324 680 Asiane
345 620 459 681 dicendi
481 642 589 699 genere
612 629 767 712 procerte
788 625 893 682 scimus
907 619 943 700 ²).
1057 634 1059 638 '

312 731 373 790 lam
397 751 465 790 vero
493 733 651 807 videamus,
683 733 786 810 ecquid
808 736 874 793 novi
901 753 935 792 11(
957 733 1012 793 hac
1043 734 1243 812 disputatione
1264 753 1309 793 ra-

213 839 327 900 dundet
350 842 388 901 ad
409 845 580 921 primariam
600 846 802 920 quaestionem
823 844 998 904 solvendam.
1042 842 1085 902 Ac
1107 843 1310 906 Bucheuavius

214 954 331 1030 quidem
353 953 498 1012 Theodori
528 954 685 1032 discipulos
716 956 794 1013 circa
818 955 997 1033 Vespasiani
1026 958 1151 1015 maxime
1182 961 1309 1014 aetatem

199 1066 347 1126 ¹floruisse
369 1069 487 1142 putavit
508 1062 549 1144 (p.
568 1063 621 1142 38)
640 1073 805 1143 temporam
827 1069 907 1127 notis
922 1068 971 1126 ille
990 1067 1208 1142 perversissime
1229 1063 1310 1125 11111.

214 1176 330 1236 Floruit
355 1179 430 1235 enim
453 1177 623 1236 Theodorus
654 1183 732 1236 teste
753 1177 931 1254 Hieronymo
961 1198 1038 1237 anno
1061 1179 1100 1236 33
1131 1198 1157 1236 a.
1181 1171 1310 1251 (11.1).

214 1285 344 1358 Quocum
365 1289 474 1364 optime
508 1290 645 1362 congruit
665 1294 886 1365 praeceptorem
910 1309 976 1347 eum
996 1289 1085 1348 fuisse
1106 1287 1226 1358 liberii,
1261 1291 1311 1364 qni

215 1401 367 1456 natusest
389 1415 464 1457 enno
487 1399 535 1456 41.
560 1397 634 1456 Nam
657 1399 792 1458 Tiberius
811 1418 868 1458 non
891 1398 983 1458 solum
1011 1400 1041 1457 in
1061 1417 1176 1457 secessu
1198 1395 1312 1469 Rhodio

215 1504 334 1563 auditor
362 1507 418 1564 fuit
442 1504 632 1581 Theodori⁴)‚
667 1507 718 1566 sed
748 1511 834 1567 etiem
861 1528 935 1586 puer
954 1511 1016 1567 eius
1035 1507 1216 1585 disciplinam
1243 1506 1311 1565 suh·

213 1617 291 1672 ierat
302 1611 337 1689 ⁶).
390 1614 510 1675 Accedit
537 1616 615 1692 quod
637 1636 672 1674 ex
692 1620 783 1676 servir
816 1619 957 1694 originem
987 1617 1105 1676 duxisse
1126 1617 1311 1676 Theodorum

214 1730 345 1784 testetur
366 1723 471 1784 Suidas
484 1723 517 1797 6).
568 1725 693 1803 Oportet
722 1727 815 1801 igitur
836 1732 939 1785 natum
970 1747 1035 1785 eum
1061 1727 1150 1785 fuisse
1171 1731 1241 1784 ante
1260 1743 1311 1782 111·

214 1854 284 1892 num
306 1831 392 1907 60⁷).
442 1834 526 1906 Quod
559 1836 583 1892 11
608 1838 792 1906 concesseris,
824 1837 886 1894 eius
919 1835 1075 1910 discipulos
1096 1835 1176 1894 ultra
1202 1835 1312 1893 'l'iberli

214 1945 369 2020 imperium
390 1942 524 2004 floruisse
545 1963 603 2002 nou
626 1944 756 2021 putabis.
787 1943 885 2020 Atque
906 1944 961 2002 hoc
981 1944 1059 2004 idem
1082 1965 1118 2003 ex
1141 1943 1312 2016 Quintiliani

215 2055 384 2113 testimonio
413 2053 543 2112 efficitur
564 2053 687 2112 dicentis
709 2051 774 2126 (lll.
798 2057 826 2123 1,
853 2048 918 2128 18):
953 2054 1058 2130 »plura
1079 2054 1197 2130 scripsit
1219 2053 1313 2111 Theo·

215 2165 314 2232 doras,
338 2163 421 2221 cuius
445 2162 608 2221 auditorem
632 2161 834 2238 Hermagoran
856 2167 926 2220 sunt
947 2163 998 2238 qui
1018 2161 1175 2220 viderint«.
1228 2162 1313 2220 Anno

215 2275 309 2348 igitur
342 2273 381 2328 92
414 2274 501 2348 pauci
530 2276 706 2348 supererant
736 2272 787 2348 qui
809 2271 951 2329 vidissent
971 2270 1116 2330 Theodori
1136 2269 1311 2346 discipulos3

218 2382 298 2457 quod
318 2384 362 2457 ito
379 2384 563 2459 accipiamus,
588 2385 623 2438 nt
644 2379 669 2436 L
691 2382 752 2439 fere
774 2399 864 2439 annos
896 2400 931 2439 ex
953 2399 1054 2439 eorum
1076 2381 1158 2439 obitu
1180 2384 1313 2456 praeter·

218 2491 317 2568 lapsos
337 2497 408 2550 tunc
427 2492 515 2549 luisse
537 2495 709 2548 1111111111.
734 2488 859 2548 Mortem
873 2490 966 2566 igitur
981 2491 1074 2564 ignoti
1088 2491 1217 2548 auctoris
1238 2491 1315 2548 circe

217 2597 272 2658 Gai
288 2619 409 2674 regnum
423 2598 544 2657 definire
559 2598 635 2670 licet,
657 2598 765 2657 librum
785 2618 855 2657 vcro
877 2601 973 2676 ipsum
987 2599 1170 2675 temporibus
1182 2598 1313 2658 Tiberia·

202 2697 262 2768 ¹nie
285 2709 479 2786 probabiliter
502 2707 643 2767 vindicari
662 2707 734 2766 dico.

320 2895 345 2963 1)
364 2895 432 2950 Eius
461 2896 612 2965 discipulus
643 2899 753 2965 praeter
778 2895 922 2952 ’1111111111
943 2890 976 2950 Ι11
998 2895 1187 2966 Hermagoran
1210 2893 1316 2949 Vallius

222 2990 347 3060 Syriacus
366 2993 526 3046 nominatur
545 2992 617 3060 (Sen.
637 2995 726 3047 contr.
745 2993 772 3045 ll
793 2993 816 3059 1,
836 2993 889 3057 311).

319 3089 346 3155 2)
366 3087 510 3142 Sensum.
531 3091 556 3156 3,
575 3093 603 3142 7:
625 3088 767 3150 »Tiberius
778 3086 989 3141 Theodoreus
1007 3083 1200 3139 offendebatur
1211 3082 1316 3138 Nicetis

220 3183 358 3253 ingenio«.
394 3183 447 3240 Hic
464 3202 530 3239 vero
548 3185 622 3239 inter
639 3184 752 3238 caldos
770 3185 966 3238 declamatores
983 3183 1146 3235 numeratur
1165 3177 1189 3249 ᾖ.
1210 3180 1235 3232 6.

325 3281 352 3348 3)
369 3281 413 3334 Ad
430 3297 531 3335 annum
554 3279 621 3334 nbr.
642 3281 723 3334 1984:
748 3279 858 3335 Nicetes
877 3284 906 3333 et
922 3279 1046 3349 Hybreas
1063 3282 1090 3330 11
1109 3275 1270 3330 Theodorus
1288 3280 1316 3330 et

219 3374 313 3430 Plutio
331 3378 496 3432 nobilissimi
514 3379 583 3431 artis
608 3377 765 3432 rhetoricae
795 3377 886 3446 graeci
906 3377 1099 3444 praeceptores
1116 3373 1262 3426 hahentur.
1282 3399 1315 3410 -

222 3473 406 3540 Apollodorus
425 3473 564 3528 Theodori
591 3474 714 3528 aemulus
739 3476 767 3527 (11
787 3473 905 3541 Augusti
932 3473 1095 3540 praeceptor
1120 3468 1216 3524 floruit
1243 3467 1318 3521 circa

220 3585 245 3620 1,
265 3569 351 3624 6411.
372 3569 447 3624 Hier.
466 3569 501 3624 ad
519 3589 542 3624 a.
565 3571 629 3627 Abr.
654 3570 729 3623 1953.
744 3567 947 3622 -Theodorus
967 3570 994 3620 et
1005 3565 1097 3620 Plotio
1117 3562 1190 3632 apud
1201 3562 1315 3617 Dionem

221 3663 315 3734 Chrys.
335 3666 372 3734 (p.
388 3666 497 3734 41111.)
515 3667 589 3722 inter
606 3683 652 3721 eos
671 3665 817 3730 habentur,
836 3681 905 3731 quoa
921 3661 1049 3732 quamvis
1065 3663 1210 3730 νεωτέρους
1226 3658 1316 3728 legen-

220 3759 271 3814 dos
289 3763 471 3818 commendat.
1068 3839 1071 3846 Ι
1261 3763 1263 3766 ’

321 3858 348 3928 4)
369 3859 462 3926 Quint.
481 3858 529 3928 lll,
550 3863 573 3925 1,
595 3861 634 3912 17.
653 3857 751 3913 Suidas
769 3876 789 3912 e.
808 3876 832 3913 v.
853 3849 1002 3925 Θεόδωρος.

322 3953 348 4018 5)
365 3953 441 4010 Suet.
458 3971 518 4024 cap.
538 3955 580 4009 57.

321 4051 348 4117 6)
366 4047 423 4105 ἀπὸ
442 4046 555 4105 dodina.

324 4149 350 4214 7)
369 4147 430 4202 Non
442 4148 536 4202 obstat
547 4147 621 4216 quod
640 4145 714 4218 apud
723 4143 887 4201 Strabonem
906 4142 1009 4218 legitur
1028 4139 1066 4215 (p.
1084 4141 1159 4209 769);
1177 4133 1319 4211 Θεόδωρος

221 4239 237 4296 ὁ
259 4243 323 4296 καθ’
343 4242 416 4315 ἡμᾶς
435 4237 529 4316 ῥήτωρ.
