3036 4928
712 291 751 348 28

183 478 259 550 Quin
280 478 369 535 etiem
391 475 447 534 sub
467 476 533 552 ipso
555 474 666 534 Tiberii
688 494 781 552 regno
799 475 876 533 tales
896 475 1116 568 disquisitiones
1144 476 1202 533 iam
1224 493 1280 532 usu

183 590 268 644 erant
300 589 445 660 receptae.
488 582 617 642 Velleius
639 585 716 642 enim
750 582 806 642 sub
828 583 913 642 finem
947 585 1034 660 primi
1056 583 1124 641 libri
1144 585 1279 659 quamvis

183 695 214 752 in
247 693 403 770 praecipiti
427 692 617 750 festinatione
649 711 831 769 supervacua
861 711 892 751 se
927 692 1064 768 amplecti
1097 691 1281 762 confiteatur,

183 807 282 864 tamen
304 803 428 878 „nequit
458 800 515 860 sibi
536 806 703 879 temperare
723 803 795 878 quin
823 821 885 859 rem
907 821 995 878 saepe
1017 801 1161 878 agitatam
1184 801 1282 859 animo

184 913 281 988 signet
312 905 412 969 stilo“.
458 910 557 986 Atque
587 913 623 968 ut
645 928 700 987 par
729 915 773 969 est
794 912 823 968 in
844 912 908 969 aevi
938 909 1017 968 illius
1038 909 1202 981 laudatore,
1224 929 1282 968 non

184 1038 202 1077 a
222 1018 388 1076 mutatione
410 1021 579 1094 temporum
600 1018 756 1094 primarias
777 1018 827 1077 ille
846 1020 987 1096 repetivit
1007 1037 1111 1077 causas
1125 1017 1283 1095 intercepti

184 1128 294 1186 mfium
325 1126 416 1198 floris,
446 1125 499 1184 sed
518 1145 536 1184 a
558 1145 657 1184 rerum
687 1131 805 1196 natura,
833 1145 920 1202 quam
943 1125 1050 1185 Seneca
1072 1128 1171 1188 tertio,
1183 1128 1284 1204 posuit

184 1236 258 1295 loco.
300 1235 421 1294 Tacitus
453 1234 579 1311 deniqne
611 1237 668 1294 iam
699 1237 801 1312 primis
835 1234 944 1294 Tiberii
977 1237 1062 1296 annis
1092 1236 1282 1323 Hortensium

186 1345 259 1403 clari
280 1345 409 1403 oratoris
431 1348 567 1420 nepotem
600 1345 644 1402 ita
664 1344 736 1402 facit
761 1344 961 1418 disserentem,
989 1350 1024 1404 ut
1047 1345 1190 1404 varietate
1209 1350 1282 1404 tem·

185 1473 291 1530 porum
312 1453 422 1530 gentile
444 1452 547 1512 domus
570 1473 640 1512 suae
661 1452 769 1512 bonum
791 1454 977 1530 praeclusum
999 1453 1056 1514 sibi
1077 1473 1140 1514 esse
1160 1455 1239 1514 dicat
1249 1449 1281 1528 ¹).

185 1563 252 1624 Non
273 1563 385 1634 dubito,
407 1566 477 1640 quin
497 1565 602 1622 similia
624 1563 718 1623 multa
739 1565 872 1623 converri
893 1565 1009 1640 possint
1033 1584 1041 1636 3
1064 1563 1115 1624 sed
1136 1565 1210 1623 satia
1230 1563 1283 1622 ha·

185 1671 250 1741 beo,
281 1675 306 1731 si
330 1673 506 1731 concedatur
539 1673 608 1731 inde
630 1693 648 1730 a
670 1671 790 1730 Tiberio
820 1677 965 1748 regnante
995 1674 1129 1750 componi
1153 1673 1284 1749 potuisse

186 1783 310 1839 extremi
333 1782 437 1858 capitis
459 1779 700 1857 disputationem.

242 1900 245 1906 ’
288 1888 328 1946 At
350 1908 387 1947 ex
409 1889 504 1946 altera
525 1893 612 1966 parte
632 1888 709 1946 idem
730 1888 779 1947 ille
800 1888 968 1965 philosophi
984 1907 1078 1947 sermo
1099 1889 1285 1964 atimprimis

178 1996 277 2056 ¹verba
300 2015 337 2054 ex
358 1999 506 2055 contrario
528 1998 672 2078 positam}
694 1989 871 2074 δημοκρατίᾳ
892 1988 1155 2054 συναπέθανον
1171 1988 1199 2053 οἱ
1221 1994 1286 2072 περὶ

187 2093 291 2182 λόγους
321 2099 409 2162 δεινοὶ
431 2134 470 2144 -
493 2097 521 2161 οἱ
543 2095 576 2162 δὲ
600 2107 651 2162 νῦν
682 2098 819 2180 ἐοίκαμεν
849 2100 1104 2178 παιδομαθεῖς
1123 2094 1198 2162 εἶναι
1219 2101 1285 2162 δου-

187 2207 266 2283 λείας
287 2213 358 2272 mihi
373 2213 491 2289 quidem
514 2213 637 2273 suadere
653 2213 802 2287 videntur,
826 2233 863 2272 ne
877 2214 963 2271 nimis
983 2212 1070 2290 longe
1085 2213 1287 2272 ultra-‘eorum

187 2323 336 2391 hominum
370 2327 497 2382 aemtem
520 2324 759 2401 progrediamur.
791 2325 843 2400 qni
864 2323 951 2402 primi
981 2321 1120 2381 virebant
1152 2327 1287 2399 expertes

190 2431 349 2490 libertatis.

287 2539 343 2600 Sed
364 2561 467 2622 omnes
485 2543 547 2601 iere
569 2542 637 2599 inde
660 2542 698 2600 ab
720 2541 840 2600 Amatic
860 2561 916 2599 non
938 2545 1018 2600 recte
1040 2541 1086 2598 usi
1106 2545 1176 2598 sunt
1190 2538 1288 2598 verbis

186 2670 216 2726 p.
240 2653 289 2720 68,
314 2650 362 2708 24.
407 2650 479 2709 (lum
510 2653 586 2709 enim
608 2653 736 2728 scriptor
771 2649 938 2728 philosophi
960 2651 1148 2726 querimoniis
1177 2650 1220 2706 ita
1241 2666 1284 2704 re·

188 2757 344 2834 spondeat,
377 2764 412 2817 ut
439 2765 527 2835 neget
546 2754 600 2836 τὴν
632 2761 679 2836 τῆς
699 2752 867 2836 οἰκουμένης
886 2753 1005 2835 εἰρήνην
1025 2760 1056 2816 in
1087 2776 1176 2816 causa
1198 2757 1288 2815 luisse

186 2868 370 2942 ingeniorum
395 2863 568 2945 defectus2),
606 2871 692 2928 anxie
712 2869 757 2927 illi
788 2874 905 2946 tempus
927 2867 1048 2944 aliquod
1077 2866 1289 2943 circumspicie-

110 2974 112 2979 ’
187 2973 270 3046 bant,
293 2994 351 3050 quo
381 2977 528 3052 profunda
549 2997 604 3054 per
625 2983 724 3036 totum
752 2979 905 3054 imperium
928 2975 1091 3035 Romanum
1112 2974 1290 3033 obtinuisset

187 3103 247 3160 pax
268 3088 299 3141 et
320 3085 422 3143 otium.
447 3083 505 3144 Sed
522 3084 601 3144 bella
620 3091 743 3145 exterus
764 3090 796 3144 et
816 3087 847 3143 in
868 3084 975 3144 finibus
991 3084 1107 3162 imperii
1126 3087 1210 3159 gesta
1230 3101 1289 3140 non

187 3330 264 3384 locus
284 3314 384 3392 (contr.
404 3328 429 3381 X
447 3329 532 3398 prael.
553 3331 569 3382 5
588 3330 667 3399 sqq).
689 3340 751 3399 'quo
770 3347 842 3385 nova
859 3347 948 3400 poena
966 3329 1053 3383 libros
1078 3327 1235 3382 combustos
1261 3329 1291 3379 et

189 3424 223 3480 de
234 3424 334 3480 studiis
344 3428 485 3494 sumptum
496 3425 662 3495 supplicium
677 3427 799 3496 graviter
807 3427 989 3496 conqueritur
996 3424 1110 3480 Sensum
1121 3423 1173 3492 „Di
1183 3422 1290 3490 melius,

188 3519 264 3590 quod
282 3537 314 3574 ec
334 3521 441 3576 saeculo
464 3521 519 3575 ista
537 3521 713 3591 ingeniorum
738 3522 873 3592 supplicia
896 3525 1048 3590 coeperunt
1070 3537 1126 3590 qno
1146 3517 1292 3589 ingenia

187 3615 390 3673 desierant“.
428 3616 555 3672 Ueterum
574 3619 667 3672 omnis
686 3619 732 3672 hic
750 3618 826 3672 locus
844 3617 879 3672 ab
897 3619 932 3671 iis
951 3619 1000 3687 qui
1018 3617 1122 3671 iudicia
1139 3615 1175 3670 de
1184 3613 1291 3668 Tiberii

187 3714 305 3782 imperio
324 3718 388 3767 ante
407 3712 535 3768 Tacitum
553 3714 611 3768 lata
632 3714 812 3784 collegerunt,
832 3713 1041 3782 praetermissus
1060 3716 1111 3767 est.

292 3809 318 3878 1)
336 3827 399 3863 ann.
419 3809 445 3863 ll
464 3813 506 3880 37,
524 3827 644 3880 quocum
662 3811 698 3866 cf.
717 3810 784 3866 dial.
804 3813 838 3865 38
856 3810 955 3864 mediis
974 3809 1094 3880 Augusti
1117 3805 1291 3878 temporibus

191 3948 197 3962 .
219 3947 225 3960 .
246 3947 252 3960 .
271 3905 355 3974 longa
372 3910 529 3974 temporum
544 3907 622 3976 quies
639 3911 668 3961 et
687 3907 851 3962 continuum
871 3907 968 3976 populi
990 3905 1078 3960 otium
1098 3943 1104 3958 .
1124 3946 1130 3959 .
1150 3945 1156 3958 .
1176 3906 1290 3972 ,ipsam

188 4019 298 4072 quoque
316 4002 503 4071 eloquentiam
522 4003 595 4057 sicut
614 4005 707 4057 omnia
725 4008 881 4072 pacaverat.

290 4100 317 4166 2)
338 4097 419 4152 Certa
438 4099 512 4154 enim
530 4104 572 4155 est
588 4099 729 4171 Spengelii
746 4100 915 4155 emendatio:
934 4095 985 4168 ὅρα
1004 4098 1044 4168 δέ,
1062 4092 1188 4170 μήποτε
1208 4093 1287 4166 οὐχὴ

189 4196 235 4259 τῆς
254 4197 416 4268 οἰκουμένης
438 4190 528 4268 εἰρήνη
547 4197 706 4271 διαφθείρει
722 4193 771 4256 τὰς
786 4189 910 4268 μεγάλας
927 4192 1032 4268 φύσεις.
