3036 4928
603 360 653 382 ”
750 367 785 425 19

214 548 295 607 serre
318 549 416 626 potuit
432 549 605 630 exemplum,
618 550 665 609 bic
687 551 822 627 scriptor,
843 554 890 610 cui
904 554 1006 610 vitium
1029 571 1145 629 quoque
1159 552 1316 612 verborum

216 659 291 716 mule
318 658 479 715 relatorum
506 658 710 734 imputandum
742 661 807 717 erit.
853 658 939 718 Certe
970 661 1078 719 notitie
1104 663 1163 718 iste
1189 667 1220 719 et
1244 681 1314 720 usus

200 783 314 826 rerum
337 765 520 824 luduicarum
549 765 664 825 Caecilii
685 773 816 846 tempore
841 767 915 826 nihil
937 767 1028 826 babet
1049 769 1128 844 quod
1151 763 1314 844 mireris¹).

318 873 413 950 Supra
446 875 504 932 ium
527 872 588 931 dixi
617 893 652 931 ea
672 877 816 951 imprimis
839 895 916 952 quae
933 875 1041 934 leviter
1061 878 1314 953 perstringuntur,

219 982 299 1059 opud
325 981 482 1042 Caecilium
510 983 606 1042 fusius
632 985 721 1042 fuisse
747 985 901 1060 explicate.
945 984 1027 1055 Quod
1057 987 1088 1042 in
1120 1005 1153 1043 es
1182 987 1315 1064 exemplu

217 1091 320 1150 cudere
351 1097 434 1168 puto,
462 1092 569 1168 quibus
599 1097 749 1168 tamquam
771 1098 842 1152 notu
872 1092 1000 1160 debeant
1022 1113 1084 1152 esse
1113 1094 1255 1164 omuibus,
1279 1114 1315 1152 ne

222 1203 350 1260 auctoris
380 1199 497 1276 quidem
513 1261 519 1275 .
534 1220 637 1259 nomen
665 1201 799 1260 additum
835 1207 888 1261 est.
933 1202 999 1260 Nou
1033 1201 1151 1278 quidem
1181 1222 1215 1261 ee
1242 1201 1315 1280 dico,

217 1329 341 1385 quorum
364 1315 467 1368 auctor
488 1311 559 1386 ipsis
582 1309 680 1367 verbis
705 1316 808 1385 aperte
830 1309 1003 1370 declaratur
1015 1306 1066 1386 (11
1090 1332 1119 1389 p.
1138 1313 1186 1384 39,
1212 1313 1240 1368 5.
1264 1313 1315 1381 40,

221 1412 282 1493 11),
303 1436 398 1492 neque
418 1416 538 1476 Homeri
559 1435 663 1474 nomen
685 1419 821 1477 omissum
844 1411 909 1496 (1.5,
935 1420 981 1477 13.
999 1421 1047 1492 44,
1075 1420 1123 1478 20.
1148 1420 1197 1492 45,
1217 1415 1315 1497 6.12)

218 1524 386 1584 ullomodo
407 1524 539 1583 offendit.
583 1524 640 1584 Sed
663 1523 707 1583 bis
729 1524 816 1604 φησὶν
835 1526 945 1602 legitur
964 1520 1030 1603 (35,
1053 1530 1100 1588 17.
1126 1531 1175 1602 44,
1200 1523 1242 1605 3),
1263 1529 1315 1586 ubi

217 1622 427 1692 Demosthenes
450 1631 665 1706 intellegendus
681 1639 735 1705 cst,
757 1635 845 1692 semel
861 1634 1027 1694 Herodoico
1050 1637 1183 1713 exemplo
1205 1635 1267 1710 (44,
1283 1633 1315 1710 3)

216 1743 332 1802 nullum
354 1741 485 1800 additum
518 1745 569 1799 est
597 1742 726 1802 verbum.
756 1742 906 1802 Accedunt
941 1743 999 1802 duo
1027 1745 1083 1802 loci
1114 1739 1179 1822 (43,
1199 1747 1227 1804 3.
1253 1740 1315 1822 17),

218 1870 342 1927 quorum
372 1855 520 1909 auctorem
544 1852 724 1927 investigere
755 1853 874 1910 omnino
903 1855 1066 1928 nequimus.
1109 1854 1187 1914 Haec
1218 1859 1315 1915 omnis

218 1980 271 2037 per
292 1961 447 2020 Caecilium
475 1966 546 2018 nota
574 1961 664 2018 fuisse
688 1960 845 2018 lectoribus
870 1963 987 2020 conicio.
1031 1963 1129 2039 Atque
1162 1963 1240 2022 idem
1271 1965 1315 2024 fe·

218 2075 297 2127 ctum
331 2069 448 2128 videtur
471 2089 500 2145 p.
526 2071 574 2142 59,
609 2065 696 2145 23²),
728 2069 778 2127 ubi
805 2071 885 2129 locus
915 2073 1057 2132 orationis
1090 2072 1126 2130 cle
1148 2071 1313 2132 Halonneso

215 2179 377 2256 inscriptae
397 2179 502 2236 cursim
527 2180 722 2255 vituperetur.
754 2177 836 2237 Hanc
859 2199 928 2238 vero
950 2181 1113 2238 orationem
1132 2169 1189 2257 'pro
1212 2183 1313 2258 spuria

217 2284 354 2344 habuisse
384 2285 565 2362 eundemque
585 2286 679 2344 locum
710 2287 791 2344 cuius
823 2307 915 2364 prave
937 2293 967 2345 et
994 2289 1084 2346 nimie
1112 2287 1273 2366 hyperbole
1295 2309 1313 2346 e

219 2398 321 2452 nostro
343 2395 484 2471 scriptore
508 2395 675 2464 damnatur,
696 2397 829 2471 graviter
851 2396 1073 2473 reprehendisse
1098 2395 1252 2457 Caecilium
1276 2417 1311 2456 ex

117 2493 119 2501 ’
218 2501 335 2560 Libenii
358 2502 453 2562 verbis
475 2502 670 2580 probabiliter
693 2506 854 2562 coniectum
876 2499 964 2580 1113).

316 2611 413 2670 Aliter
443 2632 472 2688 p.
495 2614 544 2682 62,
567 2613 604 2670 21
629 2632 709 2672 rusus
741 2619 787 2671 est
819 2615 946 2690 scriptor
974 2614 1137 2674 Caeciliano
1169 2616 1311 2692 exemplo.

217 2719 292 2778 Nem
325 2739 400 2796 quae
422 2741 512 2797 supra
533 2721 684 2799 disputavi
704 2723 755 2797 qui
789 2721 967 2798 probaverit,
986 2743 1022 2781 cx
1043 2723 1139 2782 verbis
1167 2725 1244 2782 infru
1265 2724 1314 2782 de·

218 2829 334 2904 scripti
344 2824 369 2903 4)
393 2827 468 2914 effici
502 2829 641 2889 concedet
667 2828 822 2889 Caecilium
852 2834 1071 2891 sentcntiae
1104 2832 1314 2891 sublimitatem

216 2935 351 2994 leudussc
379 2937 410 2994 in
439 2937 501 2996 loco
532 2935 778 3014 Demosthenis5).
823 2939 906 3010 Quod
936 2960 994 2998 nou
1023 2940 1139 3017 quidem
1164 2940 1313 3018 improbet

168 3117 171 3122 '
218 3106 273 3161 cic.
292 3125 351 3176 cup.
371 3109 408 3177 7).
447 3108 568 3176 Cumque
588 3127 622 3162 ex
640 3107 733 3163 Sicilie
750 3109 883 3163 oriundus
901 3107 1014 3165 dicutur
1033 3115 1149 3181 uterque
1168 3110 1237 3182 ((111.
1256 3112 1312 3167 div.

218 3203 244 3255 in
265 3203 342 3257 (laec.
362 3204 419 3271 39),
438 3203 561 3257 eiusdem
580 3203 702 3258 familiae
723 3187 808 3258 luisse
827 3206 966 3260 videntur.

321 3300 346 3369 1)
365 3282 402 3353 cf.¹
420 3299 616 3366 Freudentbal,
636 3283 1085 3368 HellenistiscbeStudieu,Heft1
1105 3321 1131 3356 u.
1151 3304 1175 3357 2.
1196 3302 1311 3357 Bresleu
1384 3338 1386 3342 -

222 3397 294 3449 1375.
313 3413 339 3464 p.
362 3397 412 3448 177
433 3413 490 3464 sqq.

320 3493 347 3556 2)
368 3532 374 3544 .
395 3533 401 3544 .
421 3530 427 3546 .
448 3532 454 3545 .
474 3507 533 3545 croc
551 3496 597 3544 καὶ
614 3495 644 3544 αἱ
665 3493 797 3545 τοιαῦται·
818 3495 859 3546 »el
880 3491 920 3564 μὴ
945 3491 994 3547 τὸν
1013 3495 1170 3566 ἐγκέφαλον
1198 3497 1230 3551 re
1255 3503 1312 3556 ταῖς

219 3590 343 3657 πτέρναις
361 3593 627 3658 καταπεπατημένον
644 3593 779 3660 ipocrite«.
806 3583 903 3659 διόπερ
922 3591 1024 3644 εἰδέναι
1042 3588 1097 3661 χρὴ
1114 3589 1145 3645 τὸ
1163 3596 1249 3664 μέχρι
1266 3595 1313 3646 τοῦ

218 3687 399 3753 παροριστέον
415 3682 540 3738 ἕκαστον.

321 3779 348 3846 3)
366 3779 400 3835 ci.
418 3779 652 3835 Burckberdtium
673 3780 689 3834 l.
709 3798 730 3836 s.
749 3800 775 3850 p.
797 3783 831 3834 34
851 3799 892 3850 sq.

315 3877 343 3945 4)
360 3869 469 3945 ὑψηλόν
487 3879 521 3945 γέ
539 3895 592 3930 που
612 3877 690 3930 δοκεῖ
712 3878 763 3946 (sic
783 3877 893 3946 Reiske,
921 3895 955 3948 ys
972 3881 1020 3932 τοῦ
1038 3880 1131 3935 δοκεῖν
1148 3881 1180 3949 Ρ)
1200 3877 1312 3954 νόημα

217 3974 262 4023 καὶ
289 3971 346 4025 ἔστι
373 3974 411 4042 τῷ
429 3965 487 4028 ὄντι
507 3967 667 4046 θαυμάσιον
685 4013 826 4029 ......
849 3970 906 4026 ἀλλ’
934 3971 1014 4042 αὐτῆς
1042 3977 1089 4042 τῆς
1116 3977 1239 4037 διανοίας
1263 3975 1312 4032 οὐκ

217 4066 326 4121 ἔλαττον
343 4070 375 4142 τῇ
392 4067 514 4141 ἁρμονίᾳ
531 4065 700 4142 nequimus.
1183 4069 1186 4072 ⁵

317 4165 345 4234 5)
363 4165 441 4219 idem
458 4167 646 4237 Hermogenes
664 4167 732 4221 fecit
749 4168 786 4237 (ll
806 4170 858 4224 305
878 4169 938 4239 sq),
957 4186 1038 4238 quem
1056 4172 1165 4224 secutus
1185 4171 1312 4226 estAno·

216 4275 314 4327 nymus
344 4260 379 4315 de
398 4259 496 4332 figuris
527 4261 668 4332 (111145).
705 4266 827 4323 εἰκασίας
855 4265 1012 4334 exemplum
1043 4269 1085 4320 est
1112 4265 1187 4334 opud
1212 4264 1311 4322 Deme-

214 4353 299 4412 trium
315 4353 338 4426 ξ.
358 4357 420 4413 273.
