3036 4928
711 313 751 372 38

185 496 281 576 probi.
305 497 366 556 879
389 517 408 555 a
424 493 525 556 27-b
548 493 600 572 35)
632 489 786 574 προέσθαι
808 490 862 574 τὴν
882 485 1085 574 γονὴνόδτοισ
1104 489 1283 569 ἐπιθυμοῦσι

184 599 215 664 δὲ
236 602 360 682 ἐντυχεῖν
381 592 512 682 δεύτερον
530 605 578 676 ab,
600 607 656 666 nisi
676 607 756 683 quod
778 609 807 666 in
830 605 849 664 b
870 601 995 682 ἐνηχεῖν
1024 605 1076 664 alt.
1099 627 1137 664 m.
1160 602 1226 664 edd.
1251 606 1282 662 in

184 716 240 774 lae.
324 707 520 790 βουλεύεσθαι
544 733 551 774 :
571 708 733 774 διαθέσθαι
761 737 779 774 a
801 722 831 775 et
861 715 913 775 alt.
936 717 1025 773 min
1053 715 1108 772 lac.
1137 713 1157 771 b
1243 714 1281 771 16

184 817 298 893 πάντως
318 841 375 882 om.
399 824 430 882 in
451 823 505 882 lae.
528 824 567 882 ab
655 825 690 884 17
716 817 849 900 εἴποιμεν
874 844 930 883 om.
958 822 997 882 ab
1084 823 1122 881 19
1144 795 1280 900 supinita-

184 919 263 990 τόντε
284 931 323 991 ab
395 909 488 1002 12,'3
509 930 636 1009 μοιδοκῶ
655 933 693 993 ab
765 935 784 992 4
804 927 953 1008 κομίσαιτο
977 932 1025 1005 ab,
1047 951 1115 1008 κομι
1137 933 1168 990 in
1189 931 1208 990 b
1229 931 1282 991 alt.

185 1061 225 1100 m.
246 1039 313 1100 edd.
335 1043 366 1100 in
387 1041 441 1101 Ιοο.

287 1143 369 1208 τέλοο
389 1151 445 1208 τῶν
466 1153 595 1228 φυσικῶν
616 1139 826 1228 προβλημάτων
851 1153 901 1210 τοῦ
919 1140 1154 1228 φιλοσοφωτὰτοο
1174 1146 1284 1227 ἀριστο-

184 1251 284 1318 tribues
304 1258 386 1317 rubr.
409 1259 463 1318 eol.
485 1259 516 1330 b,
553 1261 654 1318 omisit
675 1279 694 1318 a
715 1267 776 1319 tam
806 1260 878 1319 baec
899 1279 986 1336 quam
1017 1261 1076 1319 elia
1097 1279 1172 1338 quae
1193 1257 1286 1317 rubro

188 1367 285 1429 colore
305 1373 391 1427 erant
412 1367 569 1446 pingenda.

287 1477 425 1555 Sequitur
457 1479 488 1536 in
508 1481 635 1555 utroque
657 1478 754 1538 codiee
776 1471 907 1554 (Gelani)
930 1479 987 1554 τῆσ
1017 1474 1082 1554 περὶ
1100 1471 1205 1555 χρείοσ
1232 1479 1288 1534 τῶν

185 1582 218 1644 ἐν
237 1572 396 1664 ἀνθρώπου
428 1573 570 1660 σωμάτιον
596 1582 717 1663 μορίων.
760 1585 817 1645 Sed
846 1585 995 1646 antecedit
1024 1587 1055 1643 in
1076 1585 1138 1644 cod.
1156 1606 1184 1659 a,
1206 1584 1287 1662 quod

185 1695 216 1754 in
236 1693 299 1758 eod.
323 1693 341 1752 b
362 1696 392 1752 in
421 1697 553 1772 margine
575 1697 716 1773 seriptum
740 1701 796 1770 est,
818 1695 948 1754 scholion
969 1699 1004 1754 ut
1024 1694 1142 1753 videtur
1169 1693 1207 1754 ad
1227 1690 1284 1752 Ga·

185 1803 243 1862 leni
264 1801 300 1864 de
323 1823 378 1862 usu
400 1806 530 1882 partium
551 1801 688 1879 libr0s¹).

286 1897 358 1972 Cum
373 1913 536 1990 pulvisculo
551 1916 648 1973 omnia
663 1913 795 1984 exhausi,
817 1935 874 1991 quo
896 1914 1005 1973 elarius
1019 1913 1151 1972 eluceret
1161 1911 1286 1970 eodieem

187 2041 204 2080 a
228 2041 265 2080 ex
287 2021 427 2082 eodieeb
459 2043 523 2082 asse
545 2021 734 2101 deeeriptum.
783 2023 858 2082 Nam
891 2044 958 2082 eum
983 2025 1014 2080 in
1036 2019 1172 2100 plurimis
1203 2021 1290 2098 plane

187 2131 382 2200 consentiant,
393 2107 394 2110 Ἴ
405 2131 546 2190 nonnulla
572 2151 647 2206 quae
669 2133 700 2189 in
713 2132 881 2208 fragmento
892 2131 1025 2190 Tulliano
1046 2129 1084 2189 ed
1099 2131 1218 2189 lacunas
1240 2149 1289 2187 ex·

188 2237 311 2314 plaudas
333 2236 435 2296 addita
456 2245 527 2300 sunt
548 2260 566 2299 a
588 2259 678 2299 manu
696 2259 753 2300 ree.
777 2240 840 2300 eod.
862 2239 892 2311 b,
924 2242 954 2298 in
974 2239 1038 2298 eod.
1062 2260 1080 2298 a
1102 2240 1198 2317 prima
1218 2259 1289 2298 exa·

186 2347 265 2406 ravit
289 2365 400 2406 manus.
419 2345 541 2404 Accedit
563 2345 641 2422 quod
664 2346 736 2408 iliud
759 2347 889 2413 seboliou
912 2344 1015 2406 Galerii
1037 2346 1068 2404 in
1089 2347 1221 2422 margine
1242 2364 1289 2404 οο·

186 2453 300 2514 dieieb
332 2456 474 2532 seriptum
506 2457 646 2514 continuo
679 2455 781 2514 ordine
809 2455 965 2533 descripsit
997 2455 1136 2514 librarius
1168 2453 1230 2513 eod.
1263 2474 1290 2512 a.

186 2563 291 2640 Itaque
313 2565 428 2624 etiamsi
460 2569 586 2641 uterque
607 2563 698 2624 eedex
721 2565 924 2624 miscellaneus
953 2585 1011 2622 non
1034 2583 1128 2641 paura
1148 2564 1290 2635 eontinet,

189 2693 265 2750 quae
286 2659 393 2732 desunt
414 2675 445 2732 in
467 2674 561 2733 altero
574 2669 609 2751 ²),
640 2681 739 2734 tamen
760 2673 796 2732 de
821 2673 927 2749 quibus
948 2675 1050 2750 agitur
1082 2677 1184 2749 partes
1213 2670 1291 2728 exb

189 2783 220 2839 in
242 2781 438 2841 atranslstas
468 2802 531 2841 esse
553 2788 689 2861 apparet.
738 2782 813 2842 Nam
834 2781 955 2842 eandem
988 2782 1132 2840 rationem
1153 2782 1241 2840 etiam
1261 2782 1293 2838 in

188 2892 369 2969 interpolata
397 2891 613 2969 problematum
634 2893 783 2969 particula
803 2891 967 2952 observavi.
1011 2891 1116 2967 Itaque
1152 2889 1190 2949 ad
1222 2907 1292 2947 eon·

295 3153 320 3222 1)
339 3152 431 3207 Verba
449 3154 490 3206 ita
507 3151 650 3208 inmodice
667 3152 809 3222 bseripts
828 3156 904 3251 sunt:
931 3153 978 3206 τοῦ
994 3144 1156 3222 χρησιμεύει
1172 3148 1252 3221 ἡμῶν
1275 3135 1292 3216 ἢ

190 3249 316 3318 παροῦσα
334 3253 510 3320 πραγματεία
530 3251 568 3308 εἰς
587 3242 694 3318 terporis
711 3265 739 3301 τε
755 3246 851 3315 ἐπειδὴ
869 3249 976 3320 μᾶλλον
985 3245 1148 3317 θεολογικὸν
1166 3239 1294 3317 φαίνεται

188 3341 220 3399 τὸ
239 3347 354 3412 βιβλίον.
382 3347 428 3397 καὶ
445 3346 565 3414 λέγομεν
583 3338 624 3397 ὅτι
644 3341 740 3412 ἐπειδὴ
759 3339 876 3404 κανόνας
898 3345 1001 3416 ἔχομεν
1018 3337 1195 3414 διαγνώσεως
1213 3341 1293 3395 τοῦτο

190 3437 277 3492 πολλὰ
296 3439 353 3511 μὲν
372 3443 418 3494 καὶ
435 3432 538 3499 ἄλλους.
559 3441 663 3511 ἔχομεν
681 3440 713 3494 δὲ
732 3444 778 3493 καὶ
796 3438 846 3506 τὴν
863 3434 967 3508 βλάβην
989 3441 1034 3505 τῆς
1055 3439 1193 3509 ἐνεργείας
1205 3441 1240 3490 -αἱ
1259 3437 1291 3491 δὲ

192 3537 326 3606 ἐνέργειαι
343 3529 457 3614 πρώτοις
475 3538 529 3590 εἰσὶ
546 3536 601 3591 τῶν
615 3541 729 3608 μορίων,
755 3530 842 3595 ἄλλως
858 3554 886 3590 τε
904 3540 951 3590 καὶ
967 3531 1035 3590 αὐτὰ
1052 3531 1085 3589 τὰ
1102 3527 1206 3604 δ’ργανιι
1224 3530 1294 3605 πρὸς

190 3633 222 3685 ui
240 3625 307 3685 ὅλον
325 3627 452 3692 ὡσαύτως
471 3635 534 3686 εἰσί.
561 3628 724 3704 χρησιμεύει
744 3630 813 3703 ἡμῖν
829 3629 930 3687 λοιπὸν
948 3636 987 3692 εἰς
1005 3626 1157 3702 διάγνωσιν
1173 3631 1228 3685 τῶν
1246 3647 1292 3686 νιε-

191 3723 347 3784 πονθότων.
385 3733 410 3782 εἰ
426 3725 466 3801 μὴ
483 3725 537 3799 γὰρ
555 3723 683 3799 γινώσκει
701 3748 740 3788 ιις
765 3725 795 3783 τὸ
814 3722 971 3802 ναιοφύσιν
989 3723 1075 3788 ἄλλως
1093 3747 1152 3787 πως
1169 3724 1218 3793 τὴν
1236 3720 1294 3779 διδ-

191 3832 272 3880 erem
289 3823 338 3892 τὴν
357 3819 520 3897 ποραφὺσιν
549 3821 599 3894 τὴν
621 3820 736 3896 πρώτως
762 3819 938 3896 βλάπτουσαν
958 3822 1008 3892 τὴν
1026 3826 1167 3895 ἐνέργειαν
1190 3819 1239 3878 οὐκ
1257 3815 1294 3877 ἂν

194 3915 383 3993 διαγνώσεται.

295 4019 325 4089 2)
345 4017 467 4074 Indicam
495 4018 561 4072 libri
580 4019 663 4087 paris.
684 4019 736 4073 985
755 4019 840 4074 habea
864 4022 894 4074 in
911 4019 997 4075 catab·
1010 4019 1079 4074 bibl.
1106 4035 1164 4088 reg.
1181 4014 1289 4070 Proble-

194 4120 302 4170 mutum
321 4119 391 4183 q'uae
407 4116 437 4169 in
455 4113 608 4170 illooodice
626 4113 813 4186 fragmentum
832 4116 898 4172 libri
917 4135 947 4171 π.
960 4111 984 4171 t.
1004 4114 1179 4184 antecedunt,
1197 4114 1227 4168 in
1235 4113 1290 4167 vat.

161 4201 168 4216 ’
199 4213 251 4266 285
270 4210 340 4266 nihil
359 4212 481 4268 obcurrit
500 4211 554 4266 nisi
573 4211 711 4267 insulcata
729 4211 778 4266 illa
795 4211 940 4282 particula.
