3036 4928
724 306 763 366 26

295 494 393 572 Atque
423 497 583 552 extremum
614 497 712 568 caput,
746 494 776 550 in
809 512 867 570 quo
889 493 939 552 illa
964 470 1006 552 de¹
1021 492 1230 570 pumilionibus
1252 491 1293 550 le·

194 609 314 679 guntur,
337 603 438 661 multis
461 602 627 666 nominibus
648 603 719 661 iacit
741 602 779 660 ad
800 602 880 662 litem
903 602 939 661 ds
961 608 1093 680 tempore
1115 601 1293 660 solvendam·

195 711 349 776 lnducitur
377 712 451 770 enim
481 709 673 789 philosophus
700 715 864 788 temporum
892 711 1133 788 depravationem
1162 710 1294 784 graviter

196 820 381 900 deplorans:
406 819 494 880 simul
524 839 590 880 cum
613 819 752 878 libertato
775 811 914 880 defecisse
944 839 1052 897 magna
1073 821 1199 895 ingenia,
1224 837 1294 876 suos

196 934 272 992 enim
301 929 440 1009 'aequales
462 930 530 990 inde
562 930 601 990 ab
623 928 806 988 incunabulis
840 932 978 991 servituti
1010 930 1147 990 adsuetos
1179 951 1293 992 omnem

196 1046 310 1104 exuisse
328 1042 475 1104 libertatis
497 1040 630 1100 ardorem
653 1044 684 1098 et
705 1042 790 1118 quasi
811 1040 935 1100 vinculis
961 1044 1128 1100 contractos
1150 1035 1291 1113 teneri¹).

197 1154 295 1231 Atque
318 1151 374 1211 Gai
396 1153 512 1212 demum
533 1153 720 1228 imperatoris
742 1156 840 1210 aetate
861 1153 904 1210 ita
925 1153 1103 1212 inveterasse
1123 1173 1227 1212 novam
1250 1155 1293 1211 rei

195 1262 330 1339 publicae
350 1263 483 1332 formam,
516 1265 585 1339 apte
618 1267 652 1320 ut
676 1263 822 1338 increpari
853 1267 954 1338 posset
983 1261 1124 1322 diuturna
1156 1263 1291 1334 servitus,

195 1374 251 1431 viri
274 1370 353 1430 docti
372 1364 585 1445 iudicabant2).
629 1367 795 1430 Sed³'etiam
817 1373 847 1430 in
869 1371 970 1448 priora
991 1376 1126 1448 tempora
1147 1371 1225 1430 idem
1247 1391 1293 1430 ca·

196 1481 265 1540 dere
287 1479 357 1540 mihi
390 1481 506 1559 quidem
529 1501 700 1558 persuasum
734 1487 787 1541 est.
832 1482 906 1540 Nam
931 1503 995 1540 cum
1026 1503 1123 1542 rerum
1146 1484 1293 1558 potiretur

197 1591 340 1666 liberius,
375 1596 484 1667 quotus
508 1594 632 1668 quisque
667 1592 797 1669 reliquus
819 1593 886 1660 fuit,
909 1597 943 1649 ut
971 1613 1034 1651 cum
1057 1591 1159 1650 Tacito
1179 1593 1292 1668 loquar,

198 1704 331 1776 quirem
353 1699 499 1778 publicam
521 1700 662 1768 vidisset?
705 1701 813 1773 Quodsi
836 1721 852 1759 a
874 1700 950 1761 bello
967 1701 1087 1761 Actiaco
1110 1703 1225 1761 initium
1248 1722 1293 1760 ce-

196 1811 273 1886 pisse
295 1809 416 1867 facimus
437 1803 570 1866 δουλείαν
590 1809 668 1868 illam
690 1804 814 1878 diaulus,
837 1809 892 1868 soli
914 1811 975 1868 fere
1000 1813 1182 1886 sexagenarii
1205 1810 1292 1869 liber·

195 1920 269 1977 tatis
290 1919 456 1976 memoriam
489 1920 685 1978 retinuerunt.
729 1918 784 1978 Sed
811 1920 869 1977 iam
891 1919 958 1996 plus
980 1919 1079 1978 decem
1101 1922 1185 1978 annis
1206 1923 1294 1978 antea

196 2029 227 2084 in
260 2028 345 2085 unius
367 2026 490 2086 arbitrio
520 2031 617 2086 omnia
637 2031 721 2086 erant
742 2021 879 2104 positail.
926 2028 991 2087 Non
1018 2030 1111 2104 igitur
1131 2027 1183 2086 ills
1203 2030 1293 2087 servi·

196 2138 270 2194 tutis
292 2135 466 2212 deploratio,
490 2155 549 2211 qua
572 2137 668 2193 utitur
687 2132 892 2212 philosophus,
914 2135 1023 2210 obstat,
1051 2139 1205 2212 quominus
1226 2135 1293 2194 inde

197 2267 215 2305 a
235 2245 344 2304 Tiberii
364 2246 533 2322 principatu
554 2245 642 2303 scribi
663 2247 794 2321 potuisse
816 2244 949 2304 libellum
972 2250 1150 2305 statuamus.
1179 2245 1236 2305 Sed
1258 2265 1294 2304 nc

196 2359 263 2413 tota
284 2353 401 2430 quidem
433 2355 555 2411 extremi
585 2355 690 2430 capitis
722 2353 932 2430 disputatione,
965 2374 1042 2431 quae
1072 2360 1117 2414 est
1139 2354 1175 2414 do
1199 2357 1294 2414 causis

197 2465 305 2522 artium
339 2461 479 2531 defectus,
512 2464 542 2520 in
562 2462 680 2521 brevius
713 2465 841 2522 coartari
867 2463 939 2522 mihi
959 2463 1098 2523 videntur
1129 2469 1293 2540 temporum

197 2573 304 2648 spatia.
347 2570 424 2629 Nam
457 2570 536 2646 quod
556 2570 743 2631 Buchenavio
774 2577 860 2631 tanta
882 2572 1039 2632 videbatur
1061 2575 1139 2631 inter
1160 2577 1293 2632 nostrum

196 2679 328 2740 libellum
365 2679 517 2756 Tacitique
552 2679 700 2756 dialogum
739 2701 836 2740 rarum
874 2681 1089 2757 verborumque
1124 2681 1293 2757 similitudo,

196 2808 287 2847 unum
309 2793 343 2847 ut
364 2789 483 2865 utrique
516 2795 635 2865 tompus
658 2788 861 2849 vindicandum
893 2810 956 2849 esse
977 2791 1183 2868 proclamaret,
1217 2789 1294 2867 quod

196 2897 273 2956 idem
294 2897 465 2975 Vespasiani
498 2902 600 2956 contra
631 2898 823 2976 philosophos
858 2899 953 2958 edicto
986 2904 1082 2958 motus
1115 2902 1202 2960 etiam
1236 2919 1294 2958 uno

196 3007 313 3065 biennio
336 3011 451 3084 tempus
472 3006 708 3065 circumscribere
731 3025 819 3066 ausus
842 3012 897 3078 est,
932 3007 1064 3083 equidem
1086 3029 1162 3084 quae
1191 3009 1295 3066 similia

198 3121 268 3174 suut
276 3110 302 3191 ⁴)
324 3135 423 3174 rerum
445 3115 635 3174 similitudine
656 3118 699 3174 ita
721 3115 860 3192 explicari
882 3113 992 3189 censeo,
1016 3121 1051 3174 ut
1072 3116 1200 3178 alterum
1222 3118 1294 3176 alte·

300 3363 324 3426 ll
342 3362 377 3418 cf.
396 3381 423 3432 p.
445 3365 487 3431 67,
509 3365 621 3424 19-68,
641 3363 672 3416 21
696 3370 723 3418 et
753 3365 889 3433 imprimis
915 3357 1108 3430 ἣπιστειαέον
1136 3365 1229 3432 ἐκείνῳ
1258 3364 1295 3432 τῷ

199 3462 385 3530 θρολοομέκῳ,
413 3457 449 3517 ὠς
466 3456 482 3524 ἡ
502 3459 670 3529 δημοκρατία
696 3460 750 3514 τῶν
768 3454 897 3530 μεγάλων
922 3455 1015 3528 ἀγαθὴ
1040 3454 1157 3526 adorsis,
1184 3440 1294 3533 ᾗμόνμ

198 3551 302 3625 σχεδὸν
319 3557 365 3607 καὶ
384 3549 564 3624 αοκὴκμασαν
587 3558 613 3608 οἱ
630 3559 693 3625 περὶ
711 3549 808 3625 λόγους
822 3557 907 3609 δεινοὶ
925 3559 970 3608 καὶ
983 3559 1190 3624 auscultarem
1210 3599 1215 3612 .
1235 3596 1240 3610 .
1262 3597 1267 3610 .
1286 3593 1292 3608 .

197 3654 224 3703 ol
242 3650 274 3704 dl
293 3651 343 3705 νῦν
361 3651 491 3722 ἐοίκαμεν
509 3652 695 3723 ααιδομαθεΐς
713 3654 779 3706 εἶναι
801 3653 924 3714 δουλείας
942 3653 1049 3712 δικαίας
1066 3655 1120 3707 κοί.

274 3804 277 3810 ,
297 3743 325 3812 2)
343 3742 377 3798 cf.
396 3743 576 3814 Bernaysium
595 3747 624 3799 in
643 3746 711 3800 actia
730 3747 829 3800 minor.
852 3746 936 3800 Acad.
957 3745 1047 3801 Berol.
1069 3748 1137 3800 1876
1156 3766 1186 3816 p.
1205 3749 1247 3802 60.

299 3839 325 3908 3)
345 3839 379 3894 cf.
399 3838 461 3896 Tac.
480 3839 546 3894 dial.
569 3844 600 3894 17
620 3846 712 3896 statuo
731 3859 785 3896 sax
806 3846 838 3896 et
858 3842 1106 3912 quinquaginta
1123 3859 1217 3908 annos,
1236 3842 1295 3912 qni·

197 3937 249 3991 bns
267 3953 331 3990 mox
350 3935 430 3990 divus
450 3935 593 4006 Augustus
613 3955 671 3991 rem
691 3937 829 4008 publicam
849 3939 929 3992 rexit

298 4034 325 4102 4)
344 4031 436 4088 Unum
450 4033 736 4102 afferamexemplum.
755 4051 782 4102 p.
794 4036 837 4102 68,
854 4035 889 4086 22
906 4027 1002 4105 ῥᾴδιον
1012 4037 1057 4088 καὶ
1066 4034 1137 4088 ἴδιον
1146 4027 1296 4105 ἀνθρώπου

197 4123 228 4180 τὸ
249 4131 485 4199 καταμέμφεσθαι
500 4125 532 4182 τὰ
543 4124 586 4182 ἀεὶ
595 4123 730 4200 παρόντας
750 4129 814 4184 dial.
829 4131 861 4184 18
879 4130 949 4186 vitio
959 4129 1296 4200 malignitatishnmanae

197 4228 292 4280 vetera
312 4237 419 4296 semper
437 4227 466 4280 in
485 4225 574 4296 laude,
594 4227 751 4296 praesentia
769 4228 799 4281 in
817 4227 930 4283 fastidio
950 4245 1015 4285 asse.
