3036 4928
451 1255 475 1324 1.
502 1256 549 1324 Ile
572 1252 707 1324 Caecilii
726 1253 814 1324 libro
836 1253 914 1336 περὶ
935 1246 1052 1338 ὕψους.

302 1439 419 1500 Caecilii
441 1439 556 1499 libellus
578 1460 664 1517 quem
687 1440 722 1499 de
736 1439 917 1500 sublimitate
939 1439 1121 1516 conscripsit,
1145 1456 1210 1496 cum
1226 1439 1301 1497 sicut

202 1555 301 1608 cetera
321 1551 465 1626 praeclari
487 1549 573 1608 huius
594 1551 704 1624 ingenii
726 1551 915 1607 monumenta
930 1546 1116 1607 succubuerit
1136 1552 1301 1623 temporum

201 1661 324 1730 iniuriis,
348 1661 461 1717 unicam
483 1659 546 1717 eius
568 1660 705 1716 notitiam
729 1659 824 1732 ignoti
845 1657 1007 1716 adversarii
1029 1655 1065 1714 de
1090 1655 1190 1714 eodem
1213 1673 1301 1731 argu·

186 1772 302 1825 'mento
314 1765 453 1825 debemus
468 1768 715 1836 commentationi,
739 1769 820 1824 cuius
842 1765 944 1823 melior
959 1765 1078 1822 fortuna
1092 1783 1149 1822 non
1165 1765 1302 1840 exiguam

205 1875 330 1932 servavit
352 1880 478 1950 partem.
509 1875 606 1934 Pauca
628 1876 721 1949 igitur
740 1872 776 1932 de
798 1873 877 1931 illius
899 1872 967 1930 libri
982 1872 1075 1930 lorma
1097 1877 1186 1948 atque
1206 1871 1303 1930 indole

206 1983 346 2040 constitui
366 1990 505 2058 possunt;
528 1987 660 2042 attamen
675 1983 771 2059 plura,
800 1984 912 2059 opinor,
938 2000 1026 2057 quam
1045 2000 1119 2057 quae
1141 1983 1303 2039 constituta

204 2103 272 2150 sunt
294 2111 311 2148 a
333 2093 402 2152 viris
425 2091 526 2158 doctis.
575 2091 679 2167 Itaque
702 2090 799 2148 omnia
821 2090 986 2148 accuratius
1020 2089 1156 2164 colligere
1181 2088 1302 2165 placuit,
1384 2113 1391 2126 r

203 2200 310 2275 quibus
327 2201 378 2259 lux
393 2200 492 2276 aliqua
507 2199 573 2258 huic
588 2201 755 2282 quaestioni
776 2197 914 2275 adspergi
922 2214 1012 2275 ‘posse
1023 2196 1181 2257 videretur.
1210 2196 1303 2268 Quam

202 2328 264 2366 rem
287 2309 405 2367 sirecte
427 2305 619 2388 instituimus,
642 2309 805 2366 accuratius
820 2326 908 2382 quam
931 2305 1026 2364 adhuc
1045 2307 1154 2364 factum
1174 2312 1220 2364 est
1231 2304 1302 2365 Cae·

204 2416 263 2473 cilii
287 2415 464 2473 adumbrare
484 2414 585 2472 licebit
606 2416 755 2490 ingenium
778 2422 867 2492 atque
887 2413 1033 2475 iudicium.

304 2523 378 2582 Nam
401 2525 452 2599 qui
474 2522 570 2580 adbuc
591 2523 661 2582 data
684 2543 773 2601 opera
795 2523 831 2582 de
860 2523 915 2580 hoc
938 2523 1055 2583 Caecilii
1080 2523 1179 2582 libello
1203 2524 1304 2602 dispu-
1383 2523 1384 2530 '

203 2638 343 2692 taverunt
366 2628 522 2689 Buchenau
530 2623 555 2707 ¹)
579 2637 610 2689 et
632 2627 853 2703 Burckhardt2)
882 2631 945 2691 sola
967 2651 1001 2690 ea
1024 2633 1053 2690 in
1076 2652 1192 2691 censum
1216 2653 1300 2693 voca·

203 2761 279 2811 vere,
309 2760 385 2817 quae
407 2741 469 2798 eius
491 2742 606 2798 nomine
628 2740 771 2800 videbant
791 2743 919 2816 signata.
963 2741 1055 2818 Atqui
1075 2743 1200 2818 scriptor
1233 2741 1302 2800 libri

203 2851 371 2926 superstitis
393 2851 458 2924 ipso
479 2850 628 2924 prooemio
637 2841 664 2925 3)
686 2852 871 2926 apertissime
896 2849 1008 2909 indicat
1029 2870 1078 2910 eos
1100 2850 1156 2909 sibi
1178 2851 1301 2909 lectores

205 2955 355 3016 obversari
376 2959 427 3033 qui
457 2962 588 3016 recentes
613 2962 711 3016 essent
731 2978 749 3017 a
770 2957 926 3017 Caeciliani
958 2959 1027 3017 libri
1047 2960 1181 3018 lectione.
1226 2959 1303 3030 Quin

204 3083 236 3140 p.
261 3063 308 3137 14,
334 3068 370 3122 12
395 3059 452 3141 (ed.
472 3059 606 3142 lahn.)⁴)
629 3066 763 3144 exempla
785 3087 800 3126 e
820 3067 939 3134 Timaeo
962 3068 1084 3126 collecta
1104 3067 1170 3126 ideo
1192 3087 1223 3126 se
1245 3087 1303 3125 non

205 3174 422 3233 cumulaturum
433 3174 603 3252 profitetur,
626 3195 662 3233 ne
676 3175 806 3234 taedium
823 3181 975 3235 moverent
985 3174 1148 3236 Caeciliana
1167 3177 1302 3253 repetita.

204 3282 315 3354 Quodsi
335 3284 372 3342 iis
394 3282 559 3342 destinatus
580 3289 646 3342 erat
659 3283 735 3342 liber
757 3285 809 3360 qui
824 3286 963 3342 memoria
985 3291 1121 3345 tenerent
1142 3286 1304 3346 adversarii

95 3421 99 3424 ·
204 3391 321 3466 placita,
349 3396 584 3467 consentaneum,
606 3395 719 3470 opinor,
741 3398 788 3451 est
802 3395 891 3452 etiam
913 3396 1003 3453 tacite
1024 3394 1062 3453 ad
1085 3413 1120 3452 ea
1140 3398 1305 3473 respexisse
1344 3458 1348 3463 v

205 3501 376 3576 scriptorem
398 3501 548 3579 multaque
569 3504 677 3579 prioris
701 3502 794 3561 libelli
814 3503 1010 3563 reconditiora
1034 3502 1153 3564 subesse
1169 3505 1303 3580 vestigia.

306 3686 331 3754 l)
349 3685 389 3740 De
403 3688 540 3756 scriptore
553 3686 619 3742 libri
631 3691 694 3757 usqi
707 3683 803 3758 ὕψους.
822 3689 894 3744 Dias.
906 3689 1047 3760 Marburg.
1060 3691 1137 3744 1849.
1157 3707 1183 3759 p.
1195 3691 1230 3742 44
1246 3706 1303 3759 sqq.

304 3783 330 3851 2)
349 3783 461 3838 Caecilii
489 3783 611 3838 rhetoris
636 3783 801 3854 fragmenta.
840 3784 912 3839 Diss.
940 3769 1021 3840 Basil.
1045 3787 1122 3840 1863.
1153 3803 1180 3854 p.
1209 3787 1244 3839 20
1263 3802 1302 3854 sq.

202 3882 238 3934 44
261 3897 319 3949 sqq.

305 3977 332 4046 3)
352 3973 381 4028 τὸ
401 3976 457 4048 μὲν
474 3976 521 4028 τοῦ
541 3980 681 4029 Καικιλίου
707 3971 945 4049 συγγραμμάτιον,
973 3972 988 4030 ὃ
1008 3980 1071 4047 περὶ
1092 3972 1180 4046 ὕψους
1199 3971 1305 4030 συνετά-

201 4073 272 4140 ξατο,
294 4069 550 4142 ἀνασκοπουμένοις
568 4067 637 4142 ἡμῖν
654 4069 691 4130 ὡς
709 4072 793 4125 οἶσθα
812 4073 889 4145 κοινῇ
907 4074 960 4125 κτλ.

303 4167 330 4235 4)
348 4160 548 4237 παραθήσομαι
564 4166 596 4219 δὲ
607 4161 723 4234 τᾶνδρὸς
738 4166 769 4222 ἓν
780 4161 796 4234 ἢ
808 4162 866 4234 δύο,
886 4165 982 4234 ἐπειδὴ
1000 4165 1033 4221 τὰ
1052 4171 1137 4222 πλείω
1149 4171 1304 4239 προέλαβεν

199 4260 384 4322 dmm&

1103 4365 1113 4414 l
