3036 4928
794 333 833 401 {³33

261 522 353 586 libelli
391 525 548 588 editionem
584 527 690 587 similia
725 528 866 587 nonnulla
900 526 936 588 de
972 526 1155 590 sublimitate
1182 525 1359 609 disputasse.

262 638 361 713 Atque
391 639 421 695 in
452 637 549 696 medio
574 635 800 713 ,relinquendum
823 636 949 709 videtur,
982 657 1051 697 num
1073 643 1176 698 contre
1202 638 1275 700 haec
1294 642 1361 718 ipse

262 745 406 806 Caecilius
438 748 590 824 scripsisse
616 744 766 822 putandus
789 747 837 805 sit.
874 745 957 817 Quod
978 747 1003 804 si
1024 747 1067 805 ita
1089 751 1163 824 eret,
1184 753 1360 825 provocatus

262 859 292 912 et
322 855 476 914 lacessitus
508 860 570 914 tam
602 853 706 913 acerbe
735 857 881 932 pugnavit
910 854 1104 915 adversarius.
1147 847 1263 916 ‘Videas
1284 876 1360 933 quae

262 969 440 1039 repetuntur
473 984 502 1041 p.
529 963 576 1035 17,
602 965 640 1021 18
655 961 679 1038 ι)
714 983 750 1022 ex
783 963 859 1022 libro
892 961 956 1041 περὶ
978 957 1172 1042 Ξενοφῶντος,
1207 963 1245 1023 ad
1273 984 1359 1040 quem
1472 1000 1475 1004 ·

262 1071 363 1148 procul
387 1071 476 1131 dubio
497 1072 584 1130 etiam
609 1092 638 1149 p.
664 1073 713 1145 19,
739 1047 981 1148 i’lrespicitur.
1033 1071 1176 1132 Graviora
1193 1076 1263 1129 sunt
1283 1089 1360 1148 qnae

262 1181 299 1239 de
321 1181 404 1240 libris
425 1180 491 1259 περὶ
517 1174 680 1251 συνθέσεως
700 1175 856 1258 scriptis-'b
891 1181 1028 1240 discimus
1050 1201 1078 1258 p.
1102 1182 1151 1258 63,
1174 1181 1213 1238 18
1245 1201 1309 1258 sqq.
1322 1177 1359 1247 ⁴).

262 1289 297 1348 ld
317 1292 413 1366 ipsum
435 1293 521 1363 enim,
545 1290 580 1349 de
603 1310 661 1367 quo
684 1292 780 1368 primo
795 1289 857 1349 loco
880 1293 1095 1350 contentionem
1118 1291 1209 1350 fuisse
1224 1293 1361 1368 scriptori

262 1418 326 1457 cum
350 1397 474 1458 Ceeoilio
505 1398 641 1472 vidimus,
676 1400 706 1455 in
741 1399 797 1456 illis
831 1397 915 1457 libris
952 1398 1152 1458 demonstrare
1184 1398 1357 1459 studuerat:

262 1529 347 1587 posse
367 1511 494 1586 aliquem
527 1514 636 1568 natura
658 1528 675 1566 a
697 1507 879 1566 sublimitate
911 1507 1038 1566 alienum
1060 1507 1159 1566 studio
1180 1513 1271 1585 atque
1292 1507 1357 1587 dili·

262 1619 362 1694 gentis
385 1637 473 1694 quam
496 1619 620 1676 mexime
640 1615 762 1676 induere
783 1609 973 1676 sublimitatis
994 1619 1119 1692 speciem
1132 1613 1167 1691 ὖ).

713 1940 911 1948 ————

442 2270 502 2338 ΙΙΙ.
525 2269 689 2338 Adtende
709 2268 752 2337 ad
772 2269 950 2338 editionem
970 2267 1172 2335 labnianan.

360 2462 466 2521 Morbo
489 2462 629 2522 diuturno
658 2480 717 2539 quo
741 2461 859 2522 Ottonis
880 2460 976 2518 lahnii
999 2461 1123 2519 extremi
1145 2457 1358 2536 premebantur

263 2573 340 2646 anni,
373 2591 431 2630 non
452 2571 638 2631 debilitatam
659 2590 723 2629 esse
743 2572 805 2629 eius
827 2569 1010 2646 diligentiam
1034 2571 1064 2628 in
1086 2568 1156 2627 libri
1177 2565 1243 2645 περ)
1263 2559 1359 2642 ὕφους

263 2681 390 2740 editione
407 2680 592 2758 procuranda
613 2683 809 2740 summeium
830 2679 992 2738 admiratus
1014 2685 1060 2737 est
1081 2673 1274 2754 Hauptinsl).
1302 2675 1357 2734 At·

262 2794 359 2849 tamen
391 2791 461 2848 dum
483 2795 660 2867 apparatum
689 2791 822 2848 criticum
844 2789 1011 2847 accuratius
1031 2803 1197 2863 percenseo,
1219 2784 1287 2842 huic
1306 2783 1359 2842 ali-

265 2917 323 2974 qua
353 2918 388 2955 ex
409 2903 496 2975 parte
514 2898 644 2958 debiturn
674 2897 776 2958 deesse
796 2899 1005 2976 perfectionem
1026 2894 1231 2954 animadverti.
1274 2891 1359 2964 Quod

364 3084 390 3152 l)
409 3077 552 3153 κράτιστον
568 3081 599 3137 τὸ
620 3087 682 3152 περ)
701 3081 748 3142 τὰς
765 3077 1081 3151 νοήσειςᾶὅρενιὴβολον,
1100 3076 1136 3138 ὠς
1154 3073 1206 3130 κᾶν
1221 3083 1277 3137 τοῖς
1295 3081 1358 3149 περ)

263 3180 443 3251 Ξενοφῶντος
462 3173 630 3250 ὡρισάμεθα.
876 3231 879 3238 ,

362 3277 390 3345 2)
407 3270 537 3349 γέγραφα
555 3298 610 3331 που
627 3279 672 3330 καλ
689 3276 802 3346 ἑτέρωθι
825 3272 856 3329 τὸ
876 3275 999 3329 τοιοῦτον
1015 3269 1088 3344 ὕψος
1112 3265 1358 3345 μεγαλοφροσύνης

263 3363 407 3440 duitor«-

361 3467 390 3535 3)
409 3483 436 3534 p.
456 3467 498 3530 61,
520 3467 552 3519 15
570 3465 637 3520 libri
654 3465 709 3520 duo
728 3469 791 3536 περ)
808 3469 965 3523 συνθέσεως
982 3466 1242 3519 commemorentur.

361 3561 388 3630 4)
405 3557 445 3614 ὅτι
463 3563 560 3614 πολλοὶ
579 3601 585 3616 .
606 3601 611 3613 .
632 3602 639 3615 .
659 3557 708 3614 οὐκ
730 3555 806 3622 ὄντες
823 3559 924 3630 ὑψηλοὶ
943 3554 1026 3630 φύσει
1045 3555 1157 3631 μήποτε,
1174 3559 1205 3612 δὲ
1225 3562 1270 3612 κα)
1288 3554 1357 3630 ἀμε-

260 3660 361 3725 γέθεις,
380 3652 457 3728 ὅμως
475 3697 585 3712 .....
605 3654 651 3710 διὰ
663 3651 752 3728 μόνου
760 3659 808 3710 τοῦ
820 3661 959 3710 συνθεῖναι
981 3699 986 3710 .
1007 3698 1013 3709 .
1034 3697 1040 3709 .
1059 3649 1145 3725 ὄγκον
1163 3659 1209 3708 καὶ
1219 3649 1357 3728 διάστημα

261 3757 307 3806 να)
323 3751 353 3807 τὸ
374 3751 414 3826 μὴ
432 3757 555 3808 ταπεινοὶ
572 3754 663 3807 δονεῖν
692 3753 758 3807 εἶναι
780 3747 972 3824 περιεβάλοντο
992 3793 998 3805 .
1018 3793 1024 3806 .
1045 3796 1049 3805 .
1070 3793 1076 3806 .
1099 3754 1198 3812 ἱκανῶς
1228 3749 1296 3824 ἡμῖν
1314 3751 1357 3803 ds·

262 3844 385 3915 δήλωσον.

361 3946 388 4016 ὃ)
405 3963 432 4013 p.
451 3949 495 4009 43,
517 3947 550 4000 19
570 3964 635 4002 voce
653 3947 776 4018 ἑτέρωθι,
804 3963 865 4000 cum
895 3945 983 3999 solum
1008 3945 1043 3998 ed
1061 3945 1216 4014 exemplum
1243 3944 1356 4015 aliquod

261 4040 406 4109 referatur,
425 4058 481 4095 non
502 4042 587 4096 alium
614 4043 726 4107 librom,
756 4041 804 4096 sed
821 4041 996 4110 deperditum
1022 4040 1140 4111 aliquem
1160 4041 1249 4096 nostri
1267 4040 1356 4095 libelli

260 4138 351 4192 locum
370 4139 471 4206 respici
489 4142 558 4207 puto
579 4137 612 4192 of.
632 4156 659 4206 p.
680 4140 713 4192 16
731 4137 793 4191 edu.
816 4141 839 4192 1.

361 4236 390 4306 6)
409 4233 443 4288 cl.
466 4251 558 4303 opusc.
579 4233 684 4289 11428.
