3036 4928
729 317 789 399 '15

226 522 303 600 (Tib.
317 526 367 598 ΙΙΙ,
393 527 431 583 69
446 521 510 602 sp.)
534 572 540 584 .
563 573 568 585 .
593 571 598 584 .
621 521 692 595 τινες
713 519 745 584 δέ
794 522 874 603 (περὶ
895 519 991 600 ὕψους
1011 517 1222 602 ρ.36,’15)..
1249 569 1255 584 .
1279 519 1321 596 τίς

223 651 295 712 φασι
306 636 387 692 τοῦτο
399 628 583 711 παράδειγμα
600 623 674 692 εἶναι
688 628 745 704 „orl
795 619 864 711 δ’ἧν
880 628 899 710 ἦ
914 629 986 691 κατὰ
1008 627 1097 710 φύσιν
1106 635 1212 710 χρῆσις
1232 629 1323 710 αὐτῆς

221 739 276 820 γὰρ
302 731 444 820 ἡμάρτετε
473 787 479 802 .
507 787 513 800 .
544 787 550 800 ,
582 786 588 800 .
615 737 746 800 κίνδυνον
795 739 859 818 (τῆς
868 736 1053 817 ἀποδείξεως)
1060 764 1071 814 ,·
1092 737 1166 818 ,οὐχ
1181 735 1320 819 ἡμάρτετε

223 846 372 929 ἀράμενοι,
397 844 518 927 ὥσπερ
542 843 632 909 οὐδὲ
657 843 692 908 οἱ
713 845 745 908 ἕν
797 896 833 909 ..
858 894 865 907 .
888 894 895 908 .
919 845 1090 927 οὐδὲγὰρ
1117 843 1151 908 οἱ
1172 847 1211 908 ἐν
1232 847 1321 908 Μα-

225 959 445 1035 Μαραθῶνι
489 948 746 1036 προκινδυνεύσαν-
796 953 1118 1036 ραθῶνιῆμαρτου
1134 1006 1140 1017 .
1159 1003 1166 1016 .
1188 1003 1215 1018 ..
1238 1003 1245 1016 .
1270 958 1319 1017 ..“

222 1069 296 1139 τες.“
309 1064 426 1147 καὶγὰρ
438 1061 513 1128 ἔσαν
525 1062 625 1144 ὅμοιον
639 1111 727 1128 ......
737 1109 743 1124 .
795 1065 856 1126 ἀλλ’
867 1063 967 1144 ἐπειδὴ
980 1061 1117 1143 καθάπερ
1130 1063 1323 1142 ε’μπνευσθείς

221 1173 254 1236 τὸ
275 1161 334 1252 μὲν
354 1164 406 1234 οὖν
426 1181 547 1256 πρᾶγμα
562 1171 747 1252 παράδειγμα
798 1226 803 1236 .
828 1223 835 1236 .
859 1217 867 1234 .
891 1221 897 1235 .
923 1170 970 1235 τὸν
999 1168 1088 1252 ὅρκον
1113 1170 1291 1255 ἐξεφώνησεν
1313 1221 1320 1236 .

222 1281 363 1363 ἐποίησεν,
394 1272 457 1344 ἄνεί
493 1281 524 1344 δὲ
557 1280 608 1342 τοῦ
638 1277 751 1354 εἰθέως
800 1281 1011 1365 ...,φαι’νεται
1027 1281 1088 1361 (διὰ
1104 1280 1322 1362 τοῦσχήματος)

226 1392 319 1454 εἰπεῖν
337 1390 531 1473 ἐσχημάτισεν,
548 1388 642 1469 πρός
660 1380 750 1450 τετὸ
800 1445 806 1456 ,
831 1442 837 1455 ,
861 1391 940 1473 ,τὴν
963 1397 1014 1472 τῆς
1040 1389 1211 1466 ἀποδείξεως
1234 1387 1323 1471 φύσιν
1405 1430 1408 1442 ‚

222 1498 394 1580 λαμυρὸν
414 1497 490 1578 ἅμα
511 1501 570 1560 καὶ
591 1498 630 1560 τὸ
645 1489 749 1572 ἀξιό-
797 1478 1043 1580 certesiensis
1064 1495 1322 1580 εἰςῦπερβάλ-

225 1627 360 1668 πισεον
385 1609 435 1682 εἰς
468 1605 578 1688 ὅρκου
607 1631 749 1688 mavia·
799 1605 1032 1687 λονῧψοςκαὶ
1057 1603 1323 1682 πάθοςκαίξένων

225 1713 310 1776 σίαν
328 1719 584 1795 μεταβάλλων.
798 1720 861 1780 καὶ
884 1714 1081 1799 ὑπερφυῶν
1096 1713 1322 1798 ὅρκωνᾶξιο·

797 1825 942 1888 neurius
962 1872 969 1887 .
993 1876 999 1888 .
1024 1874 1030 1889 .

208 1987 211 1994 .
323 1937 447 1996 Prorsus
469 1939 590 1996 similem
608 1938 686 1998 vides
708 1940 786 2017 epod
807 1946 964 2016 utrumque
978 1938 1149 2017 disputandi
1165 1940 1319 2007 rationem,

225 2047 307 2105 cuius
331 2066 443 2105 summu
467 2053 514 2105 est
535 2047 758 2107 Demosthenem
781 2049 860 2126 quod
882 2069 985 2126 reapse
1007 2054 1086 2108 esset
1103 2047 1278 2124 exemplum,
1293 2047 1323 2104 in

225 2155 298 2214 iuris
327 2155 443 2214 iurandi
466 2156 588 2214 formem
620 2156 768 2234 redegisse
777 2155 809 2230 ¹).
853 2157 980 2216 Dubium
1010 2161 1103 2234 igitur
1124 2175 1182 2214 non
1209 2161 1255 2214 est
1275 2155 1323 2213 Ti·

224 2264 338 2322 berium
371 2264 425 2324 hoc
445 2285 560 2342 quoque
581 2266 644 2325 loco
676 2266 863 2344 descripsisse
887 2264 1065 2337 Gseoilions;
1098 2265 1177 2343 quod
1206 2266 1323 2342 saepius

225 2393 291 2432 cum
312 2375 414 2433 fecisse
435 2374 473 2433 eh
494 2377 557 2452 ipso
580 2376 727 2435 discimus.
756 2375 888 2453 Scriptor
903 2395 973 2436 vers
994 2382 1095 2436 noster
1118 2380 1148 2434 et
1167 2374 1324 2451 magnifico

225 2483 383 2540 verborum
398 2489 505 2542 ornatu
520 2505 554 2543 ea
569 2485 764 2561 amplificavit
784 2505 878 2562 neque
899 2489 977 2544 omni
1000 2506 1035 2544 ex
1050 2490 1136 2562 perte
1158 2483 1322 2561 adstipule-

225 2595 275 2650 tus
297 2597 344 2650 est
362 2590 497 2651 Oseeilio.
531 2593 606 2651 Nem
621 2593 717 2652 verbis
738 2590 780 2671 (p.
798 2596 846 2666 36,
869 2587 923 2673 22)
946 2590 983 2651 δι’
1002 2587 1064 2664 ἑνὸς
1083 2595 1133 2651 τοῦ
1157 2584 1323 2668 ὂμονικοῦἳ)

226 2687 379 2777 σχήματος,
403 2693 474 2777 ὅπερ
495 2697 637 2761 ἐνθάδε
654 2699 842 2781 ἀποστροφὴν
860 2699 932 2782 ἐγὼ
952 2703 1031 2760 καλῶ
1050 2722 1105 2780 pro
1127 2709 1207 2762 certo
1228 2701 1323 2760 habeo

227 2809 384 2869 Caecilium
410 2813 588 2889 impugnari,
617 2815 668 2890 qui
688 2812 806 2871 Tiberio
832 2817 909 2872 teste
933 2812 1006 2870 nihil
1033 2813 1089 2871 nisi
1116 2805 1202 2888 ὅρκου
1225 2812 1324 2888 σχῆμα

226 2917 300 2977 vidit
330 2921 361 2978 in
381 2920 432 2978 illo
454 2921 525 2981 loco,
570 2921 671 2998 Neque
693 2942 781 2980 oense
806 2922 893 2980 huius
915 2921 1096 2980 differentiae
1122 2920 1206 2980 latet.
1250 2919 1324 2978 (lum

228 3029 302 3086 enim
323 3017 543 3111 ἀποστροφὴίῐε
557 3030 652 3104 fieret,
675 3038 709 3089 ut
731 3031 768 3089 ab
791 3051 824 3089 eo
846 3031 925 3108 opud
947 3051 1033 3108 quem
1054 3051 1101 3088 res
1119 3033 1268 3106 ageretur,
1286 3028 1324 3088 sd

197 3169 200 3174 ·
227 3137 315 3195 elium
345 3158 440 3197 sermo
460 3137 704 3217 deflecteretur³)‚
731 3140 786 3199 hoc
808 3140 933 3199 Caecilio
960 3139 1083 3218 simplici
1108 3141 1172 3196 iure
1200 3137 1325 3196 iurando

228 3246 339 3305 factum
352 3267 409 3306 uon
419 3248 591 3320 videbatu13
609 3254 639 3308 et
651 3269 682 3307 re
693 3269 762 3308 veru
773 3251 803 3307 in
815 3254 917 3309 nostro
928 3249 1061 3327 exemplo
1077 3249 1174 3306 omnia
1184 3245 1223 3305 sd
1233 3245 1325 3304 Athe·

226 3358 339 3414 nienses
367 3357 448 3415 dicte
476 3363 554 3416 sunt.
598 3359 739 3417 Attamen
769 3359 906 3434 scriptori
935 3364 1037 3416 nostro
1065 3356 1253 3434 explicatiore
1274 3354 1325 3414 illo

226 3463 435 3522 iureiurando
461 3463 549 3540 plene
569 3465 608 3524 ab
629 3467 730 3524 inferis
760 3467 881 3525 excitati
905 3466 1081 3525 videbuntur
1102 3464 1325 3522 Atheniensium
1421 3522 1425 3528 ,

228 3574 362 3642 maiores,
388 3579 423 3632 ut
448 3577 641 3632 invocationis
667 3578 791 3652 speciem
820 3595 977 3652 verumque
1013 3565 1200 3651 ἀποστροφὴν
1236 3591 1325 3648 agno·

334 3753 358 3821 1)
376 3753 483 3828 Similis
511 3754 545 3807 de
575 3754 624 3808 illo
650 3755 712 3809 loco
732 3753 927 3808 Demosthenis
947 3753 1043 3808 docuit
1062 3753 1252 3822 Hermogenes
1281 3750 1325 3820 (11,

229 3850 280 3902 306
299 3849 365 3920 Su),
384 3850 407 3903 is
424 3867 533 3919 quoque
553 3851 612 3905 sine
632 3852 718 3905 dnbio
738 3851 888 3905 Caecilium
908 3838 1028 3905 secutus.

327 3947 355 4013 2)
375 3945 467 4001 Verba
483 3949 531 3999 τοῦ
549 3941 681 4018 huetium]
699 3953 798 4001 contre
817 3946 1061 4002 Wilamowitzium
1079 3946 1117 4014 (in
1135 3946 1253 4001 Hermae
1272 3946 1325 4000 vol.

229 4039 297 4109 Xp.
316 4043 380 4111 338)
411 4042 599 4097 defenduntur
617 4048 646 4097 et
664 4043 770 4097 Tiberii
798 4043 1006 4112 comparatione
1034 4059 1117 4110 supro
1134 4042 1279 4113 proposita
1296 4047 1326 4098 et

228 4152 294 4191 voce
315 4154 384 4206 quse
402 4139 529 4207 sequitur
547 4134 656 4194 ἐνθάδε.

328 4236 356 4302 3)
375 4234 408 4288 oi.
430 4233 524 4300 Quint.
543 4235 633 4304 1x‚2‚
653 4238 694 4290 38.
716 4235 776 4289 Tib.
799 4238 842 4298 61,
862 4237 905 4289 29.
