3036 4928
735 365 772 420 10

205 568 272 606 vero
294 547 408 622 dubito,
440 552 511 625 quin
534 549 572 607 ad
595 526 693 608 vocem
715 547 801 626 φησὶν
822 548 1018 625 supplendum
1043 551 1083 606 sit
1105 541 1120 603 ὃ
1143 542 1301 617 Καικίλιος,

205 655 284 732 quod
307 662 412 733 sponte
434 659 602 717 sentiebant
623 661 674 734 qui
696 659 757 715 cius
777 657 884 715 librum
906 658 1049 734 legerant.
1092 658 1145 714 Vix
1169 659 1245 714 enim
1263 658 1304 714 l'e·

204 765 328 823 rendum
351 764 437 842 φησιν
458 769 535 825 inter
556 767 614 826 duo
635 766 687 824 illa
709 758 824 838 ciceret,
851 767 907 824 nisi
930 767 1070 824 statueris
1085 769 1157 824 certi
1182 765 1302 824 alienius

203 873 422 950 lectoribusque
445 878 507 932 noti
530 877 705 934 sententiam
721 877 884 933 accuratius
907 879 970 934 esse
989 894 1156 952 expressam
1165 868 1197 951 ¹).
1219 874 1303 933 lllum

204 1001 274 1040 vero
295 983 386 1041 fuisse
407 982 572 1054 Caecilium,
596 986 642 1041 cui
664 983 694 1041 id
716 986 812 1060 ipsum
835 983 974 1042 iudicium
1000 982 1221 1042 adscribendum
1243 1003 1304 1041 esse

203 1096 293 1150 antea
314 1089 448 1165 vidimus,
482 1111 576 1166 nemo,
609 1093 722 1168 opinor,
750 1092 880 1169 negabit.
924 1091 1068 1150 Tenemus
1089 1094 1183 1168 igitur
1204 1090 1303 1168 dispu-

204 1200 288 1259 tandi
304 1199 445 1272 ordinem,
461 1220 520 1277 quo
535 1221 605 1260 usus
619 1207 685 1260 erat
699 1199 851 1270 Caecilius,
872 1201 1023 1277 ipsiusque
1044 1200 1248 1258 sententiolam
1268 1199 1305 1258 ad

204 1308 337 1379 verbum,
360 1315 395 1368 ut
415 1309 543 1380 videtur,
561 1297 748 1387 descriptam.

304 1417 455 1476 Accedunt
475 1418 534 1476 duo
557 1419 621 1487 loci,
646 1418 753 1494 quibus
775 1419 860 1477 simili
877 1417 970 1490 modo,
996 1423 1152 1494 postquam
1167 1417 1306 1474 universa

205 1529 305 1604 aliqua
337 1529 483 1586 sententia
513 1532 663 1603 tamquam
695 1528 733 1585 ad
764 1527 864 1604 plures
897 1528 1049 1604 pertinens
1078 1543 1219 1602 expressa
1250 1528 1305 1593 est,

205 1635 369 1711 singularia
390 1635 518 1693 eiusdem
540 1655 642 1694 sensus
665 1634 754 1693 verba
774 1655 811 1692 ex
834 1641 914 1692 certo
942 1635 1086 1711 scriptore
1113 1633 1305 1691 subiciuntur.

316 1921 342 1988 1)
361 1919 450 1974 Simili
467 1923 577 1975 ratione
596 1920 696 1976 duetus
707 1919 950 1975 Schurzfleischius
970 1921 1009 1989 (in
1020 1920 1166 1974 Arrimadv.
1179 1919 1214 1974 ad
1225 1919 1306 1973 Dion.
1379 1957 1388 1970 .

208 2015 297 2086 Long.
317 2016 513 2086 vitembergae
535 2018 601 2071 1711
628 2035 656 2086 p.
674 2017 701 2088 8)
722 2017 855 2071 excidisse
874 2035 974 2070 nornen
993 2017 1115 2072 auctoris
1133 2014 1307 2086 apophtheg-

209 2116 284 2165 mata
303 2112 357 2166 hoc
368 2112 411 2166 usi
430 2113 585 2182 suspicatus
597 2118 647 2166 est.
686 2113 739 2180 Qui
758 2112 833 2181 quod
850 2113 884 2167 de
894 2113 1015 2167 Pindaro
1028 2113 1173 2184 cogitavit,
1192 2113 1307 2165 missum

209 2207 352 2262 iaciamus.
389 2208 442 2262 Sed
460 2227 494 2263 ne
512 2211 574 2277 quis
594 2209 697 2263 obiciat
715 2207 811 2262 fictum
830 2208 1022 2262 adversarium
1049 2209 1103 2263 hoc
1128 2208 1189 2263 loco
1213 2207 1308 2262 induci

208 2320 376 2374 quamquam
393 2306 543 2360 adhibetur
568 2305 681 2375 quidem
698 2309 786 2377 φησιν
803 2305 857 2363 hoc
883 2323 964 2360 sensu
994 2306 1023 2359 in
1048 2301 1308 2374 disceptationibus,

207 2407 300 2456 tamen
319 2402 349 2456 id
366 2402 457 2472 ipsum
488 2403 541 2457 nisi
564 2403 639 2472 apud
655 2402 796 2457 inferioris
816 2403 916 2457 aetatis
937 2403 1088 2471 scriptores
1108 2419 1162 2456 non
1178 2401 1243 2456 vidi.
1272 2399 1307 2454 cf.

209 2498 458 2569 Schweighaeuser.
479 2500 513 2555 ad
532 2501 654 2569 Epictet.
674 2502 745 2556 Dias.
768 2501 789 2562 Ι,
808 2503 834 2564 4,
854 2503 870 2554 9
889 2506 918 2556 ει
935 2501 963 2554 in
981 2501 1074 2554 indice
1092 2518 1118 2569 p.
1139 2501 1200 2552 473.
1236 2497 1307 2552 Nam

209 2594 366 2663 exemplum
379 2595 580 2663 Dionysianum
592 2598 628 2665 (p.
638 2598 700 2664 753)
711 2597 865 2652 necessario
876 2595 1072 2666 corrigendum
1085 2599 1137 2657 εει,
1150 2611 1211 2650 cum
1223 2595 1252 2648 in
1261 2593 1309 2646 iila
1341 2651 1346 2668 .

210 2690 331 2760 epistula
359 2692 445 2761 ipsius
463 2692 589 2760 Pompeii
618 2693 772 2746 sententiae
798 2698 992 2762 proponantur
1019 2692 1224 2760 identidemque
1251 2690 1309 2758 ipse

209 2788 400 2856 compelletur.
436 2789 572 2842 Similiter
590 2789 665 2859 apud
684 2789 821 2844 Romanos
841 2792 964 2859 inquit
983 2791 1113 2854 occurrit,
1132 2789 1239 2857 dequo
1258 2805 1308 2840 usu

210 2883 246 2937 ci.
259 2884 378 2938 Gronov.
397 2884 432 2938 ad
444 2883 504 2938 Liv.
517 2885 642 2956 xxm,
659 2888 684 2939 3.
698 2885 854 2940 Bentleium
866 2887 901 2940 ad
914 2887 982 2940 Hor.
993 2887 1079 2940 Scrm.
1099 2887 1119 2948 Ι,
1139 2889 1164 2953 4,
1181 2887 1205 2938 9.
1225 2883 1309 2938 Plane

210 2979 266 3034 alia
279 2997 323 3033 res
336 2985 386 3047 est,
405 2980 516 3049 siquod
532 2984 631 3035 nostro
649 2980 711 3036 loco
729 2982 832 3037 iactum
852 2999 910 3037 esse
928 3000 1034 3048 censeo,
1054 2983 1127 3052 apud
1147 2986 1234 3053 φησιν
1250 2980 1309 3034 noti

211 3076 336 3130 auctoris
357 3093 458 3131 nornen
469 3077 618 3146 cogitando
638 3078 822 3146 supplendum
834 3082 885 3133 est.
911 3079 994 3134 Cuius
1013 3081 1055 3134 rei
1068 3077 1311 3149 reliquaexernpla

212 3172 241 3228 in
261 3172 333 3226 libro
354 3177 450 3226 nostro
470 3173 551 3227 obvia
569 3173 643 3228 infra
666 3175 794 3229 tractabo
825 3174 863 3244 (p.
885 3176 935 3245 19).
971 3175 1025 3230 Sed
1043 3177 1152 3244 saepius
1169 3176 1237 3232 haec
1255 3174 1310 3228 dno

212 3286 316 3339 genera
327 3267 442 3323 contusa
452 3273 517 3323 sunt
530 3270 620 3324 aviris
631 3270 730 3338 doctis,
742 3275 774 3324 ut
786 3272 992 3327 aBoissonadio
1004 3272 1040 3326 ad
1047 3272 1155 3342 Eunap.
1166 3289 1192 3341 p.
1203 3274 1264 3325 418.
1276 3301 1309 3309 —

213 3365 342 3419 Ceterum
355 3369 450 3419 nostro
470 3366 531 3437 loco
543 3383 627 3419 unum
646 3365 783 3436 imprimis
797 3368 985 3422 adversarium
1005 3368 1106 3438 respici
1123 3369 1207 3422 etiam
1218 3366 1310 3420 verbis

211 3460 225 3514 ὁ
252 3468 307 3519 τοῖς
331 3463 577 3532 χρηστομαθοῦσιν
607 3463 741 3533 ἐπιτιμῶν
772 3467 809 3532 (p.
831 3465 872 3534 12,
895 3464 922 3532 2)
950 3465 1170 3519 commendatur.
1216 3463 1312 3531 Neque

210 3556 313 3614 collato
332 3557 393 3610 loeo
414 3573 440 3626 p.
459 3559 502 3620 47,
526 3559 557 3612 16
577 3556 735 3613 Manutium
754 3560 879 3630 sequeris
897 3565 969 3633 φασὶ
987 3561 1162 3617 scribentem.
1194 3559 1311 3613 Omnino

212 3653 354 3707 rarissime
373 3653 442 3707 istae
460 3653 575 3708 voculae
593 3659 743 3724 corruptae
762 3659 827 3710 sunt
846 3657 875 3710 in
894 3664 991 3711 nostro
1009 3656 1112 3712 libello.
1139 3656 1210 3711 Nam
1228 3658 1312 3711 corri-

212 3749 334 3820 gendum
354 3750 464 3818 quidem
485 3755 527 3805 est
546 3755 616 3822 φησι
640 3771 667 3821 p.
685 3754 766 3819 528
795 3771 829 3807 ex
848 3748 935 3824 φύσιν
953 3758 982 3808 ει
1010 3773 1037 3823 p.
1058 3755 1101 3822 52,
1123 3757 1146 3821 1,
1174 3754 1223 3808 ubi
1241 3758 1313 3826 φασὶ

211 3845 318 3913 legitur
336 3847 365 3899 in
383 3844 417 3898 P:
443 3845 495 3899 sed
515 3864 542 3915 p.
562 3849 606 3909 68,
626 3846 643 3899 2
662 3851 750 3919 φησιν
767 3847 885 3903 defendo
905 3853 934 3902 et
951 3849 986 3902 ad
1005 3849 1202 3919 philosophum
1220 3851 1312 3920 ipsum

211 3939 312 4008 refero,
332 3941 379 4008 qui
401 3938 431 3994 τὸ
443 3936 629 4012 θρυλούμενον
640 3961 689 3997 suo
708 3927 796 4012 ipsius
811 3945 920 3998 nomine
933 3945 1063 4014 explicat.
1101 3945 1197 4014 Neque
1209 3946 1313 4013 obstat¹

214 4035 290 4103 quod
315 4036 343 4088 in
367 4035 415 4089 illo
434 4037 526 4105 capite
544 4038 599 4109 ἔφη
627 4037 791 4107 plerumque
810 4039 946 4109 scriptum
964 4045 1022 4108 est;
1048 4059 1112 4094 nam
1130 4041 1213 4095 etiam
1232 4058 1257 4094 v.
1280 4042 1312 4094 16

214 4136 285 4206 φησὶ
302 4133 430 4195 recurrit,
451 4149 505 4200 quo
524 4133 644 4189 vividior
658 4133 708 4187 fiat
728 4135 828 4189 oratio.

313 4231 339 4299 2)
358 4231 443 4298 ptr,
458 4231 499 4285 15.
519 4226 588 4286 ὅθεν
614 4235 660 4284 καὶ
678 4225 870 4288 τόνΠλὰτωνα
891 4273 1005 4287 .....
1026 4228 1256 4305 διαχλευάζουσιν,
1274 4233 1310 4294 ὠς
