3036 4928
713 307 753 371 84

187 495 324 556 damnum
344 517 381 556 ex
401 496 526 556 adversa
540 496 708 555 valetudine
729 497 974 572 praestantissimi
990 496 1044 556 viri
1069 501 1172 556 natum
1187 514 1280 572 quan·

186 611 250 664 tum
264 606 349 683 potui
361 604 482 664 reficere
493 609 616 664 conatus
628 623 692 662 sum
704 600 735 679 ¹).
760 603 856 681 Atque
879 603 922 662 uti
933 604 1005 662 mibi
1025 603 1108 663 licuit
1121 604 1281 663 collationi·

186 714 242 773 bns
268 715 306 774 ab
327 717 392 792 ipso
412 713 513 772 labnio
531 712 680 786 adhibitis,
699 733 775 788 quae
788 717 979 772 asservantur
996 715 1027 770 in
1040 712 1218 772 bibliotheca
1236 733 1280 771 se·

188 824 304 882 minerii
324 841 385 900 reg.
407 822 478 901 phil.
502 823 594 882 Bonn.
627 821 737 879 Partim
760 824 849 880 etiam
870 823 953 882 novis
975 821 1174 899 adiutus-'sum
1195 821 1282 880 eolla·

186 930 325 1006 tionibus,
347 951 421 1008 quas
443 929 606 990 incredibili
620 929 773 1004 diligentia
794 935 825 988 et
837 929 1017 989 liberalitate
1032 947 1127 988 meum
1146 931 1176 988 in
1196 950 1281 988 usum

188 1041 371 1101 coniecerant
406 1042 461 1099 riri
492 1040 645 1099 clarissimi
678 1039 718 1099 M.
742 1039 909 1114 Bonnet,
943 1038 974 1100 G.
1003 1037 1148 1112 Graux,
1182 1039 1218 1099 H.
1242 1040 1284 1098 ‹le

190 1149 348 1208 Rohdan.
1075 1229 1078 1235 Ι

288 1258 329 1316 Ac
353 1259 480 1335 primum
501 1256 655 1316 dicendum
683 1263 729 1315 551
749 1257 785 1315 (15
812 1257 874 1315 cod.
898 1260 989 1334 paris.
1015 1258 1095 1316 2036
1117 1252 1180 1333 (Ρ),
1201 1259 1284 1316 cuius

189 1367 373 1426 collationem
400 1366 438 1423 ab
460 1364 587 1424 lobanne
610 1365 740 1424 Vahleno
768 1384 845 1424 anno
868 1365 895 1425 h.
918 1367 999 1424 561
1024 1367 1184 1426 confectam
1206 1386 1283 1425 com-

189 1477 302 1554 paravi.
340 1475 449 1534 Dubios
470 1475 548 1533 locos
570 1473 664 1533 denuo
681 1477 810 1552 inspexit
834 1475 864 1534 0.
888 1475 999 1535 Graux.
1042 1477 1140 1552 Atque
1159 1478 1284 1554 primum

191 1605 247 1643 non
270 1585 366 1642 omnia
395 1583 504 1660 ubique
530 1582 666 1641 foliorum
697 1585 781 1642 initia
804 1589 884 1642 recta
907 1590 1028 1642 enotata
1056 1587 1164 1643 iuveni.
1208 1583 1284 1642 llaec

189 1695 283 1768 igitur
308 1695 451 1767 corrigas:
484 1691 532 1750 fol.
559 1694 638 1750 1811r
664 1712 693 1769 p.
718 1692 766 1762 24,
791 1694 829 1751 10
852 1686 986 1770 ἀπαΙκμὴ
1033 1695 1089 1751 189
1106 1698 1120 1726 '
1143 1715 1171 1770 p.
1194 1693 1244 1763 36,
1270 1693 1282 1748 l

190 1794 376 1878 iuepldqiqre
433 1801 519 1860 191ν
552 1821 582 1878 p.
603 1803 691 1875 39,4
719 1795 883 1878 σχημάτωνὴ
922 1804 1007 1860 200Γ
1030 1823 1059 1879 p.
1088 1804 1137 1874 55,
1164 1802 1200 1860 12
1223 1820 1286 1859 συν-

192 1903 317 1986 θέσεωςΙ.

291 2019 432 2078 Versuum
454 2007 664 2078 distinctiones
679 2038 731 2077 suo
753 2022 816 2078 iure
836 2021 1034 2097 praetermisit
1053 2019 1134 2093 lahu,
1162 2019 1212 2079 sed
1234 2019 1286 2078 ad·

192 2131 306 2188 notavit
327 2128 476 2202 nonnulla,
497 2147 574 2204 quae
595 2147 660 2186 curn
681 2128 739 2186 illis
761 2131 874 2188 omissis
896 2131 1028 2205 intellegi
1049 2134 1204 2206 nequeant,
1228 2149 1287 2187 non

190 2244 315 2316 possunt
334 2257 392 2296 non
413 2240 443 2296 in
465 2257 594 2297 errorem
613 2238 750 2296 inducere
772 2239 920 2298 lectorem.
964 2239 1068 2297 Manus
1090 2241 1166 2296 enim
1187 2257 1286 2297 recen·

191 2350 260 2416 tior,
283 2367 370 2424 quam
392 2347 466 2406 lahn
485 2348 586 2406 littera
607 2367 627 2424 p
647 2349 784 2424 signavit,
811 2347 945 2425 pluribus
968 2348 1038 2406 locis
1060 2347 1150 2406 verba
1171 2346 1287 2405 duobus

193 2455 325 2515 versibus
351 2455 466 2514 inclusa
498 2455 584 2514 aliter
613 2455 758 2532 distinxit,
794 2461 884 2533 atque
915 2457 1024 2514 factum
1053 2461 1118 2514 erat
1151 2477 1169 2514 a
1200 2475 1287 2514 manu

192 2565 294 2642 prima.
334 2561 423 2622 Guius
448 2563 491 2622 rei
510 2564 673 2640 exemplum
696 2562 787 2622 habes
809 2584 838 2640 p.
854 2565 905 2640 26,
929 2566 976 2637 19,
995 2562 1046 2621 561
1069 2562 1288 2622 adnotationem

192 2666 338 2749 yrveisaav
371 2671 395 2730 Ρ
423 2671 528 2730 oadd.
551 2691 571 2747 p
593 2670 755 2730 miraberis.
801 2670 964 2749 scripserat
985 2671 1008 2729 P
1030 2664 1199 2749 predulcem
1232 2689 1291 2747 po

193 2783 224 2839 15
255 2783 354 2857 priore
376 2800 461 2840 versu
498 2779 626 2839 deletum
660 2783 818 2858 posteriori
849 2780 972 2840 addidit.
1015 2779 1094 2838 ldem
1122 2799 1207 2839 versu
1228 2781 1290 2838 vice

193 2887 303 2947 factum
336 2894 381 2948 est
414 2907 444 2967 p.
467 2890 516 2960 54,
541 2891 558 2948 3
589 2881 728 2967 ciolrnag.
752 2888 977 2966 Nonnumquam
999 2891 1065 2966 ipsa
1087 2909 1133 2966 pr.
1154 2909 1192 2948 m.
1212 2891 1290 2948 inter

193 2997 379 3057 scribendum
398 2996 935 3074 155551115555555515555115155,51
954 3017 983 3073 p.
1002 2999 1029 3071 9,
1054 2996 1087 3054 ll
1106 2990 1288 3074 111οχύοιμεν.

194 3107 325 3166 indicavi
353 3107 432 3174 locos
456 3126 555 3164 omnes
578 3105 648 3164 edit.
685 3105 778 3176 15155,
801 3108 852 3181 qni
866 3107 999 3165 similiter
1021 3106 1194 3183 explanandi
1211 3111 1290 3166 sunt.

195 3215 274 3287 Quae
296 3221 450 3292 praeterea
466 3217 498 3273 15
518 3216 575 3274 illis
596 3217 693 3274 inveni
714 3217 796 3286 vitia,
818 3235 853 3274 ea
874 3218 964 3275 tacite
985 3217 1107 3274 correxi.
1151 3216 1249 3291 Atque
1272 3235 1289 3272 a

195 3343 241 3400 pr.
275 3343 311 3382 m.
340 3327 455 3381 mutata
490 3327 560 3380 sunt
588 3324 678 3399 30,4
773 3325 823 3394 33,
851 3324 889 3380 14
975 3324 1023 3394 31,
1046 3325 1086 3381 20
1176 3323 1289 3394 43,14

196 3450 233 3488 m.
261 3449 318 3488 reo.
348 3429 541 3488 emendavit:
569 3429 619 3498 28,
645 3431 681 3488 12
714 3423 980 3506 ovvmmtgrsloue'ra
1024 3432 1074 3501 33,
1095 3433 1133 3489 27
1179 3431 1228 3504 46,
1254 3429 1290 3488 16

197 3539 247 3610 52,
279 3539 319 3596 3·
380 3540 429 3610 53,
459 3541 476 3598 8
508 3533 742 3618 κεκεραιξσμένην
771 3541 820 3610 56,
846 3539 881 3597 15
984 3541 1032 3612 57,
1058 3542 1095 3597 15
1127 3532 1291 3609 ἐνιιᾶιιιισιν

198 3647 290 3722 61,2
355 3649 405 3720 64,
431 3649 468 3706 22
534 3651 645 3719 65,18
710 3652 760 3720 67,
785 3649 822 3707 12
889 3650 936 3721 68,
961 3649 1058 3708 7,17.

296 3757 469 3836 Saepissime
491 3760 567 3816 erasi
589 3763 659 3816 sunt
674 3764 810 3816 accentus
832 3757 928 3816 verbis
942 3759 1111 3834 compositis
1134 3777 1192 3816 non
1212 3762 1291 3816 recte

196 3913 300 3990 additi,
323 3915 512 3991 quodetiam
535 3915 583 3984 14,
608 3915 644 3970 17
667 3913 842 3972 factumest
865 3915 896 3971 in
918 3931 988 3971 voce
1007 3871 1181 3989 iboxpdmvr.

299 4103 324 4171 1)
343 4101 482 4156 Nonnulla
509 4103 564 4156 iam
584 4102 706 4156 correxit
725 4100 759 4154 H.
778 4100 812 4155 de
829 4101 945 4156 Rohden
963 4101 991 4155 in
1011 4100 1291 4156 commentationibus

197 4198 336 4253 societatis
355 4198 422 4268 phil.
443 4198 528 4252 Bonn.
549 4200 616 4259 1873
635 4215 662 4268 p.
682 4199 717 4252 68
735 4215 795 4268 sqq.
