3036 4928
760 329 798 389 25

230 520 346 580 dicatus
368 525 414 578 est
435 481 525 592 liber,
542 522 577 576 ut
599 516 780 576 contradici
801 521 938 593 nequeat.
981 515 1027 578 lta
1048 518 1147 594 potius
1170 516 1270 592 aliqua
1291 536 1327 573 ex

229 636 317 708 parte
346 651 408 689 rem
441 647 615 707 promovere
636 645 682 686 me
704 646 790 704 posse
823 645 920 703 spero,
949 627 973 683 si
1006 626 1143 692 refutatis
1171 645 1248 702 quae
1270 645 1328 684 non

229 745 309 798 recte
323 738 481 799 videantur
493 736 661 796 adhibuisse
676 738 799 813 priores,
819 755 853 793 ea
867 737 1034 793 accuratius
1050 753 1204 810 exponam,
1219 733 1327 810 quibus

230 853 339 907 certam
361 848 449 925 primi
470 847 578 905 saeculi
597 823 713 922 partem
729 843 850 902 iudicari
872 847 983 920 putem.
1006 841 1070 900 Scio
1087 841 1221 918 equidem
1235 843 1330 900 multa

231 956 294 1015 sola
314 949 567 1015 verisimilitudine
589 955 719 1033 probari.
764 953 820 1012 Sed
843 973 908 1011 cum
928 952 999 1010 haec
1021 954 1117 1009 omnia
1139 971 1226 1009 unam
1245 955 1326 1010 aeta·

229 1070 290 1123 tem
317 1067 442 1123 maxime
467 1063 677 1136 commendent,
712 1063 865 1121 coniuncta
898 1061 1169 1121 verisimilitudimis
1202 1062 1327 1138 speciem

231 1192 325 1252 paene
341 1172 494 1246 excedunt,
518 1191 612 1249 neque
633 1170 772 1230 credibile
796 1175 841 1230 est
863 1171 940 1229 felici
962 1169 1060 1246 aliquo
1080 1171 1253 1228 invento-
1271 1169 1328 1227 'le-

231 1283 368 1352 rentiani,
390 1287 425 1340 ut
449 1280 504 1339 hoc
526 1281 658 1358 exemplo
680 1285 757 1352 utar,
781 1278 818 1337 ad
841 1298 927 1355 quem
949 1278 1020 1337 data
1044 1283 1090 1336 est
1109 1279 1246 1355 epistula,
1269 1297 1328 1336 me·

232 1393 324 1449 moria
346 1410 361 1448 e
377 1389 473 1449 titulis
493 1392 661 1470 instaurata
680 1418 713 1428 -
730 1408 789 1446 non
811 1387 933 1446 eandem
954 1385 1029 1446 hanc
1044 1393 1172 1446 aetatem
1187 1387 1326 1464 adsigna·

233 1505 297 1558 tum
320 1501 357 1558 iri
376 1498 485 1558 libello.

331 1606 431 1684 Atque
453 1626 573 1684 operam
591 1607 715 1684 perdere
737 1625 786 1664 eos
805 1608 866 1682 qui,
885 1610 920 1664 ut
934 1610 1051 1682 tempus
1072 1604 1164 1663 libelli
1179 1603 1329 1678 definiant,

232 1716 373 1776 colossum
406 1717 490 1774 illum
521 1718 572 1793 qui
601 1717 691 1774 fuerit
712 1714 867 1773 decernere
897 1713 1046 1783 studeant,
1079 1733 1145 1771 cum
1165 1734 1184 1772 a
1212 1711 1331 1772 Caecilii

231 1825 307 1884 libro
331 1821 459 1903 repetita
491 1828 530 1884 sit
551 1828 613 1885 eius
637 1829 755 1899 mentio,
787 1847 824 1884 ex
849 1846 940 1903 supra
966 1825 1052 1884 dictis
1076 1825 1172 1884 elucet
1201 1818 1243 1902 (p.
1268 1823 1331 1896 12).

232 1935 316 2005 Quod
341 1933 418 1992 idem
444 1933 547 1992 cadere
573 1936 604 1992 in
634 1936 728 1993 locum
761 1936 876 2012 genesis
904 1934 1030 1994 vidimus
1053 1932 1095 2011 (p.
1122 1931 1185 2010 18).
1228 1932 1331 2009 Neque

232 2042 358 2118 Pythiae
379 2045 652 2102 commemoratione
678 2035 722 2120 (p.
747 2045 795 2116 31,
822 2038 852 2119 l)
870 2039 1047 2116 iuvamur¹).
1090 2041 1167 2113 Quid
1186 2044 1264 2100 enim
1286 2061 1331 2099 re·

232 2152 291 2209 fert
304 2151 342 2210 ad
357 2154 607 2228 comparationem
628 2153 840 2212 instituendam
864 2154 942 2210 inter
963 2149 1094 2210 divinum
1113 2150 1248 2208 afflatum
1271 2169 1330 2226 quo

232 2260 432 2336 instigabatur
454 2259 599 2330 sacerdos,
622 2265 786 2339 etmotum
808 2261 972 2319 animorum
991 2278 1009 2317 a
1028 2260 1126 2336 magni
1149 2260 1259 2335 ingenii
1280 2258 1331 2317 ad·
1400 2321 1407 2328 ,

234 2369 387 2426 miratione
410 2369 584 2445 proiectum,
606 2373 705 2427 utrum
727 2387 761 2427 eo
786 2371 851 2447 ipso
873 2373 1006 2446 tempore
1034 2369 1112 2427 omni
1135 2367 1246 2426 honore
1278 2367 1330 2426 flo-

234 2477 329 2534 ruerit
352 2480 454 2534 sancta
477 2477 662 2536 oraculorum
685 2477 767 2536 sedes
788 2475 900 2536 necne?

333 2585 376 2642 De
400 2586 609 2662 pumilionibus
640 2607 710 2646 vero
737 2607 766 2664 p.
789 2588 839 2662 68,
862 2587 898 2644 16
921 2587 1154 2645 commemoratis
1181 2586 1274 2643 multa
1300 2589 1331 2643 et

232 2694 337 2753 idonea
358 2695 505 2769 congessit
527 2694 686 2754 Buchenau
708 2691 749 2772 (p.
772 2697 810 2753 47
835 2694 923 2772 sqq),
946 2691 1054 2771 quibus
1081 2699 1209 2772 apparet
1230 2711 1331 2751 eorum

233 2822 316 2862 usum
338 2804 440 2881 primis
456 2809 591 2880 coeptum
614 2805 823 2881 imperatorum
839 2803 1021 2882 temporibus
1035 2801 1090 2868 sub
1112 2801 1198 2860 linem
1214 2801 1330 2860 demum

232 2912 319 2988 primi
352 2911 462 2997 arrsculi
496 2912 607 2970 maiora
638 2913 749 2988 cepisse
778 2912 965 2970 incrementa.
1008 2909 1080 2969 Cum
1112 2910 1206 2985 igitur
1239 2909 1330 2968 verba

232 3040 307 3096 quae
335 3019 488 3078 adduntur
508 3013 585 3096 εἴγε
611 3022 692 3078 τοῦτο
711 3015 808 3078 πιστὸν
827 3014 924 3077 ἀκούω
945 3025 1025 3078 recte
1045 3021 1089 3076 ita
1109 3018 1332 3094 intellegantur,

233 3136 268 3187 ut
294 3129 324 3186 in
351 3130 423 3205 ipsis
442 3129 534 3186 initiis
561 3127 624 3186 tum
646 3129 737 3187 fuerit
755 3128 834 3187 illius
855 3128 945 3186 moris
965 3127 1123 3187 crudelitas
1152 3132 1182 3185 et
1201 3127 1332 3198 lascivia,

233 3257 290 3296 non
312 3238 428 3314 quidem
451 3233 630 3296 Buchenavii
662 3239 762 3316 opinio
796 3237 831 3295 de
861 3243 961 3296 aetate
980 3237 1153 3314 Vespasiani
1184 3237 1235 3294 illo
1268 3235 1333 3293 loco

234 3349 405 3418 sustinetur,
421 3347 474 3406 sed
486 3346 524 3405 ad
535 3348 629 3405 multo
643 3347 770 3423 priorem
786 3349 874 3424 primi
889 3346 997 3405 saeculi
1012 3351 1128 3423 partem
1145 3345 1332 3403 remittimur.

237 3449 424 3472 -Ἰ-ή

233 3493 293 3560 ipse
311 3491 492 3560 philosophus
520 3492 573 3546 sibi
593 3509 676 3560 quam
694 3493 813 3546 maxime
831 3493 988 3555 videbatur,
1017 3491 1096 3546 euius
1115 3491 1156 3544 rei
1174 3490 1334 3543 testimonia

234 3587 317 3640 hahes
344 3587 419 3656 apud
437 3587 634 3642 Ruhnkenium
665 3588 694 3642 in
722 3589 832 3642 dissert.
862 3588 886 3658 ξ.
905 3587 979 3642 Vlll.
1016 3588 1147 3639 Attamen
1176 3602 1232 3638 non
1258 3589 1333 3638 recte

234 3683 418 3738 Wilamowita
437 3683 570 3738 statuisse
584 3683 695 3737 videtur
713 3684 742 3753 (l.
762 3703 782 3738 s.
802 3701 829 3753 p.
843 3684 906 3751 334)
924 3700 1014 3752 neque
1032 3681 1227 3751 philosophum
1249 3680 1333 3734 luisse
1413 3711 1418 3720 ·

193 3807 198 3811 ·
235 3765 399 3849 scriptorem
412 3799 441 3832 n.
460 3775 484 3832 ὓ.
504 3797 593 3849 neque
610 3781 821 3850 grammaticum
840 3797 930 3849 neque
948 3779 1097 3842 rhetorem,
1116 3779 1165 3832 sed
1183 3771 1333 3831 πολιτικόν.

234 3874 305 3929 Nam
324 3875 470 3944 quominus
489 3873 631 3929 πολιτικὸν
655 3891 716 3928 eum
737 3875 868 3944 dicamus,
896 3880 1023 3932 vetamur
1041 3875 1133 3929 verbis
1161 3872 1195 3926 sd
1214 3871 1332 3926 amicum

235 3973 264 4024 in
283 3973 366 4026 rebus
394 3972 515 4040 publicis
534 3975 688 4026 versantem
710 3972 798 4027 datis:
827 3978 854 4025 εἴ
868 3993 893 4026 τι
910 3970 944 4039 δὴ
963 3971 1101 4043 δοκοῦμεν
1118 3963 1235 4037 ἀνδράσι
1260 3971 1335 4020 πολι-

235 4075 317 4127 τικοῖς
334 4072 531 4139 τεθεωρηκέναι
547 4063 689 4140 χρήσιμον
707 4069 745 4137 (p.
767 4071 807 4136 10,
827 4070 860 4136 2).
898 4069 1082 4138 Apertissime
1102 4066 1222 4135 denique
1238 4063 1335 4120 rhetor

236 4169 278 4219 ert
295 4165 491 4236 Dionysiorum
509 4169 539 4220 et
555 4165 738 4220 Caeciliorum
756 4165 823 4218 ritu.

337 4262 363 4332 1)
381 4262 423 4316 Eo
441 4263 502 4318 loco
520 4263 592 4318 male
610 4279 675 4318 usus
694 4266 735 4316 est
753 4261 901 4317 Buchenau
920 4281 946 4332 p.
969 4263 1012 4319 53.
