3036 4928
737 367 775 424 39

208 549 388 614 stituendum
413 549 611 628 fragmentum
636 549 801 609 Tolliauum
826 549 919 608 solum
941 538 1068 610 codicem
1090 548 1110 607 b
1148 548 1311 628 adhibebis,

208 663 246 721 ab
268 661 428 737 eodemque
449 659 699 736 proficiscendum,
715 665 750 717 ut
764 657 842 717 unde
857 660 1028 736 provenerit
1041 658 1115 718 illud
1133 657 1312 735 indagemus.

308 769 512 844 Quaerendum
534 771 627 846 igitur
656 776 711 839 est,
745 773 844 828 utrum
868 787 927 845 quo
949 768 1035 828 modo
1057 788 1086 846 p.
1108 771 1155 841 19,
1179 771 1312 843 lar-22,
1353 844 1355 850 Α

211 884 247 941 13
269 883 300 940 in
322 879 471 940 codicibus
493 878 690 939 deterioribus
712 883 842 949 servata,
871 881 915 937 ita
936 878 1007 938 haec
1026 898 1143 956 quoque
1164 879 1312 956 particula

208 1012 244 1050 ex
263 992 426 1066 integriore
446 988 543 1047 codice
555 990 578 1046 P
590 988 724 1048 derivata
741 990 790 1061 sit,
805 1008 853 1058 an,
868 987 947 1064 quod
962 989 1118 1065 proposuit
1131 987 1266 1066 Eggerus
1279 983 1311 1061 ¹),

209 1113 331 1178 prorsus
353 1099 412 1156 alio
435 1117 469 1156 ea
491 1099 607 1156 nitatur
627 1097 828 1156 fundamento.
851 1099 951 1174 Atque
981 1117 1046 1156 cum
1068 1116 1127 1154 non
1148 1101 1217 1174 post
1239 1089 1313 1174 ὥςὴ

208 1202 266 1285 μὲν
288 1205 329 1286 (p.
356 1208 402 1278 11,
428 1202 478 1282 17)
508 1226 583 1282 quae
604 1211 736 1265 extrema
769 1211 838 1264 eunt
860 1208 890 1264 in
911 1207 962 1264 fol.
989 1206 1046 1264 179
1069 1205 1174 1264 codicis
1195 1205 1227 1279 P,
1261 1206 1313 1265 sed

90 1306 91 1309 Ἴ
208 1322 276 1397 post
300 1315 426 1394 ἀγαθῶν
450 1309 493 1394 (p.
512 1317 560 1392 11,
584 1311 636 1390 15)
660 1317 772 1375 inserte
793 1315 854 1374 sint
868 1315 1063 1392 problemate,
1087 1319 1313 1374 consentaneum

211 1427 328 1506 quidem
351 1431 396 1484 eet
418 1445 477 1484 non
499 1445 536 1484 ex
560 1425 662 1502 ipsoP
683 1415 862 1503 descriptum
885 1445 948 1484 esse
962 1424 1089 1485 codicem
1104 1423 1133 1483 b.
1156 1424 1314 1484 Praeterea

210 1534 393 1621 problemate
412 1553 488 1610 quae
508 1535 539 1590 in
561 1531 728 1592 balianum
754 1533 850 1593 locum
874 1538 1100 1610 occupaverunt,
1137 1552 1190 1593 suo
1211 1535 1314 1594 ordine

209 1641 351 1722 leguntur
371 1645 401 1701 in
423 1642 456 1700 P.
505 1643 644 1700 Attamen
670 1644 825 1719 quominus
847 1642 1053 1720 apographum
1075 1640 1180 1702 codicis
1202 1641 1225 1700 P
1246 1644 1313 1702 fon·

211 1760 271 1813 tam
296 1758 461 1812 statuamus
483 1752 606 1812 alterius
621 1751 735 1828 codicia,
759 1753 833 1811 nihil
856 1753 975 1812 obstare
990 1751 1116 1812 videtur.
1137 1752 1212 1810 Nam
1234 1751 1313 1829 quod

211 1863 305 1922 solnm
317 1860 424 1920 obiecit
439 1862 574 1937 Eggerua
593 1883 624 1940 p.
637 1862 685 1935 ll,
710 1863 749 1921 15
764 1882 829 1939 sqq.
851 1862 941 1922 verba
955 1857 1091 1940 εὐτυχεῖν,
1109 1856 1312 1938 βουλεύεσθαι,

211 1958 323 2041 πάντως
343 1973 476 2048 quamvis
498 1971 576 2030 clare
596 1971 745 2050 descripta
766 1975 796 2030 in
816 1972 879 2032 eod.
899 1972 920 2028 P
939 1974 1046 2050 partim
1069 1972 1185 2047 omissa,
1204 1972 1313 2048 partim

212 2101 230 2137 a
262 2099 349 2138 manu
382 2099 439 2138 reo.
476 2080 579 2137 vitiose
614 2099 677 2138 ease
714 2080 859 2157 suppleta,
903 2079 957 2138 hoc
999 2099 1034 2137 ex
1075 2078 1212 2136 mutilata
1243 2097 1312 2155 apo·

210 2188 319 2266 graphi
346 2187 383 2246 de
416 2207 475 2264 quo
507 2187 567 2244 dixi
592 2190 687 2264 epecie
708 2190 782 2246 satis
804 2187 976 2265 explicatur.
1020 2185 1192 2245 Mutilatum
1214 2190 1312 2246 autern

210 2298 301 2356 fuisse
333 2296 483 2373 exemplar
517 2296 623 2355 codicis
654 2297 675 2355 h
708 2298 797 2355 etiam
830 2296 931 2356 solium
967 2297 1181 2374 problematum
1214 2301 1312 2355 trans·

211 2406 340 2483 positum
376 2405 484 2480 arguit.
534 2403 659 2480 Reliqua
693 2423 762 2463 vero
798 2403 965 2462 discrimina
999 2405 1078 2462 inter
1105 2404 1178 2462 het
1201 2402 1225 2462 P
1245 2425 1313 2463 con·

211 2516 313 2591 apioua
330 2514 430 2589 'parvi
464 2514 561 2570 omnia
594 2516 665 2571 sunt
685 2513 826 2571 momenti
848 2511 970 2588 solaque
993 2510 1180 2570 librariorum
1201 2495 1314 2572 ihcuria

211 2629 290 2682 nata.
316 2622 399 2695 Quod
420 2623 464 2681 ita
484 2642 546 2682 eese
567 2622 678 2680 hahere
699 2623 729 2679 in
752 2622 827 2681 libro
848 2642 876 2681 π,
898 2613 925 2680 ii.
960 2641 996 2679 ex
1028 2620 1216 2679 adnotatione
1249 2641 1314 2680 men

211 2735 304 2808 patet.
331 2729 387 2790 Sed
402 2733 491 2788 etiam
505 2731 720 2808 problematum
744 2731 858 2808 aliquot
879 2730 1040 2807 particulas
1056 2750 1074 2788 a
1089 2725 1196 2787 Oarolo
1211 2727 1312 2787 Graux

213 2839 250 2898 ad
272 2838 396 2898 codicem
420 2838 440 2897 b
460 2839 591 2898 conlatae
613 2859 678 2898 curn
697 2858 896 2917 compararem
919 2859 984 2898 eum
1007 2838 1212 2898 collationibus
1234 2838 1312 2897 codi-

214 2948 255 3004 cie
274 2944 345 3020 1³²),
365 2968 486 3024 prorsus
509 2948 630 3007 eandem
651 2953 729 3008 inter
752 2953 911 3025 utrumque
931 2948 1038 3006 librum
1069 2947 1312 3006 necessitudinem

213 3055 320 3114 inveni.
369 3055 447 3113 Fons
469 3058 561 3131 igitur
582 3059 684 3116 unicus
711 3057 780 3116 libri
799 3077 829 3116 π.
852 3049 878 3117 t.
900 3056 991 3116 codex
1013 3058 1104 3134 paris.
1140 3055 1163 3112 P
1186 3055 1252 3126 fuit,
1276 3075 1311 3114 ex

213 3182 306 3240 eoque
328 3160 415 3222 etiam
437 3165 636 3241 fragmentum
657 3166 823 3226 Tollianum
847 3165 1004 3226 deductum
1027 3170 1080 3225 est.

319 3309 345 3376 l)
364 3309 382 3362 l.
401 3327 422 3364 a.
441 3329 468 3380 p.
488 3311 549 3364 526.

317 3404 344 3473 2)
362 3405 397 3462 cs.
416 3405 522 3462 notices
540 3411 569 3461 et
586 3408 703 3462 extruite
721 3407 772 3462 Vll
792 3409 840 3460 101
860 3423 919 3476 sqq.
