3036 4928
745 351 782 409 17

107 599 111 604 ,
217 537 369 596 minantur
397 555 431 594 ee
453 535 669 615 proculdubio
702 555 798 616 causa,
812 537 906 614 qnod
929 542 990 596 tam
1014 541 1151 596 accurate
1173 539 1319 595 tractatae

215 651 301 704 erant
323 665 341 702 e
367 642 500 716 Caecilio,
534 649 570 702 ut
594 646 625 702 in
655 644 709 704 hec
730 665 762 704 re
796 651 910 704 certare
940 665 1004 705 cum
1037 645 1086 703 illo
1119 643 1319 722 supersederit

213 727 345 814 aemulus
360 749 394 828 ¹).
437 751 580 811 Secuntur
598 737 769 826 ἐναλλάξεις,
792 773 868 830 quae
891 753 1015 813 Caecilio
1037 740 1199 822 ἀλλοιώσεις
1218 753 1317 812 nudie-

213 861 295 920 bant.
319 860 456 920 Tiberius
478 863 552 918 enim
576 862 605 919 in
629 861 684 921 bac
705 881 821 939 quoque
849 881 881 920 re
903 862 1012 921 diserte
1034 861 1191 921 Caecilium
1214 861 1316 920 laudat

213 967 257 1048 (p.
280 967 342 1045 80),
366 989 431 1029 cum
454 989 546 1046 eoque
568 973 597 1028 in
619 972 720 1030 maltis
742 973 878 1049 congruit
899 970 1064 1030 Alexander
1085 965 1127 1047 (p.
1149 965 1212 1047 33).
1255 969 1318 1042 Qua

212 1098 343 1174 requae
366 1080 396 1136 in
418 1077 494 1136 libro
518 1099 548 1137 ιι.
570 1071 598 1138 ὕ.
622 1078 659 1137 ab
683 1079 740 1138 illis
763 1079 939 1158 discrepant,
967 1085 1069 1139 nostro
1092 1082 1228 1158 scriptori
1248 1099 1316 1158 pro·

213 1190 279 1264 pria
297 1188 388 1246 fuisse
419 1178 533 1246 censeo.
569 1190 668 1265 Atque
688 1191 876 1265 partitionem
895 1188 1001 1247 barum
1022 1187 1185 1266 figurarum
1212 1188 1315 1247 melius

214 1295 332 1354 ridetur
351 1295 523 1354 instituisse.
545 1295 621 1353 Nam
643 1315 708 1354 cum
731 1293 872 1355 Caecilius
895 1298 983 1355 etiam
1005 1315 1142 1355 numeros
1164 1298 1314 1356 nominum

213 1407 343 1462 mutatos
364 1402 402 1461 ad
424 1395 586 1472 ἀλλοιώσεις
606 1404 667 1458 κατ’
690 1387 752 1460 dat
759 1423 861 1476 ματα
883 1405 1018 1476 referret,
1041 1405 1115 1463 hanc
1136 1405 1257 1464 classem
1279 1424 1314 1464 ex

213 1517 300 1590 parte
334 1511 465 1572 confudit
487 1531 552 1571 cum
572 1495 744 1588 ιῖριθμῶν
771 1513 994 1574 mutationibus.
1037 1513 1141 1591 Itaque
1162 1516 1193 1573 in
1214 1519 1316 1573 nostro

211 1620 313 1680 libello
341 1639 399 1679 non
429 1604 578 1694 ὀνομάτων
608 1619 659 1678 sed
688 1622 780 1696 γενῶν
805 1616 970 1693 ἒναλλάξεις
992 1627 1159 1698 occurrunt,
1187 1628 1218 1681 et
1239 1622 1316 1682 idem

216 1730 380 1808 exemplum
409 1730 488 1807 quod
508 1728 651 1790 Caecilius
682 1733 830 1789 nominum
857 1731 1069 1790 mutationibus
1096 1727 1315 1804 adhibueratss),

217 1825 355 1917 ἀριθμῶν
374 1833 538 1909 ἒναλλάξεις
550 1840 682 1898 illustrat
702 1837 745 1917 (p.
759 1841 808 1915 44,
832 1840 872 1912 2).
897 1839 995 1916 Atque
1009 1841 1040 1897 in
1060 1838 1106 1898 his
1126 1841 1198 1916 ipsis
1219 1839 1314 1898 altera

217 1948 381 2008 differentia
404 1949 542 2008 cernitur.
572 1947 745 2008 Reiciuntur
769 1951 845 2007 enim
868 1942 907 2026 (p.
930 1951 979 2020 43,
1002 1943 1032 2026 1)
1053 1955 1088 2007 ut
1114 1952 1233 2008 minoris
1256 1969 1314 2008 mo·

214 2061 305 2117 menti
325 2041 360 2116 ee
379 2057 522 2135 exempla,
545 2059 577 2114 in
598 2057 706 2134 quibus
722 2077 807 2118 voces
831 2058 995 2132 singulares
1011 2060 1071 2117 vim
1094 2063 1231 2117 exercent
1251 2058 1316 2135 plu·

212 2168 334 2226 ralinm:
363 2168 457 2244 magis
480 2170 585 2224 notatu
611 2185 674 2224 esse
696 2164 828 2242 dignum,
851 2168 876 2224 si
895 2167 991 2224 forma
1016 2167 1123 2244 plurali
1145 2187 1193 2227 res
1215 2169 1326 2242 singu·-

211 2277 281 2334 leris
308 2275 470 2334 extollatur
499 2271 540 2353 (p.
564 2276 614 2351 43,
636 2270 677 2350 6).
722 2273 855 2333 Alterum
879 2277 972 2352 igitur
991 2277 1106 2353 copiose
1129 2271 1313 2352 tractess03),

213 2385 340 2442 alterum
362 2383 524 2459 neglexisse
545 2382 698 2461 putandus
721 2388 766 2441 est
782 2381 933 2442 Caecilius.
956 2381 999 2442 Et
1015 2386 1045 2441 in
1068 2385 1218 2462 exemplis,
1239 2404 1314 2462 qnae

212 2491 297 2549 uobis
321 2496 438 2550 servate
459 2497 528 2550 sunt
549 2491 629 2568 apud
652 2491 801 2550 Tiberium
824 2497 855 2550 et
879 2489 1093 2566 Alexandrum,
1116 2493 1209 2552 solum
1231 2495 1314 2570 prius

212 2729 290 2782 μενοι
324 2705 482 2783 εἰσάγωμεν
513 2711 578 2764 καθ’
604 2706 744 2766 ὑπόθεσιν
793 2711 870 2781 fiant,
901 2713 950 2768 sed
977 2714 1060 2768 etiam
1087 2730 1170 2782 quae
1196 2712 1315 2770 futura

213 2801 272 2861 οἷον
300 2799 389 2860 alcia
415 2808 557 2875 ἐγένετο
585 2811 631 2861 καὶ
654 2801 743 2862 τίᾶν
793 2809 867 2862 sint
886 2811 935 2862 snt
953 2808 1072 2863 lutura
1094 2809 1228 2866 fuerint
1250 2812 1316 2867 ime·

213 2897 392 2973 ἐπράχθη.
792 2903 929 2974 ginamur.

214 2997 277 3052 Non
307 3002 384 3053 recte
414 2999 502 3068 igitur
529 2997 679 3052 Morawski
711 3017 738 3068 p.
763 3001 798 3052 56
827 3003 855 3054 et
875 3002 909 3054 62
932 3002 1032 3055 statuit
1056 3003 1086 3056 in
1114 2989 1315 3057 sententiarum

215 3092 313 3164 figuris
344 3093 500 3149 tractandis
527 3094 598 3147 nihil
625 3093 743 3149 Caecilio
773 3095 875 3150 debere
900 3096 1109 3164 Quintilianum.
1155 3099 1215 3153 Nisi
1241 3099 1316 3168 quod

198 3177 245 3244 Ἰ),
267 3189 284 3243 Ι.
303 3188 424 3246 fortasse
441 3207 497 3244 non
525 3191 615 3259 ipsum
634 3191 784 3245 Caecilium
806 3189 918 3262 evolvit,
947 3193 995 3248 sed
1013 3193 1087 3264 apud
1106 3194 1215 3249 Celsum
1234 3213 1316 3264 quem

217 3285 343 3340 nominat
363 3285 518 3340 Caeciliana
537 3287 651 3341 invenit.

322 3383 349 3449 l)
368 3375 401 3434 τά
418 3377 692 3452 γεμὴνπολὺπτωτα
709 3379 846 3456 λεγόμενα
864 3381 1033 3457 κᾶθροισμολ
1051 3390 1097 3438 καὶ
1112 3389 1262 3457 μεταβολαὶ
1270 3390 1316 3442 καὶ

214 3479 410 3548 stipassent.
424 3507 457 3518 -·
468 3474 620 3550 ἂθροισμοὶ
630 3479 660 3545 P,
677 3498 694 3531 ιι
710 3479 818 3549 addidi3
837 3498 899 3534 nam
917 3481 1041 3536 diversae
1058 3482 1122 3536 illae
1134 3481 1242 3552 figurae
1251 3487 1317 3538 sunt

214 3587 308 3626 omnes
329 3573 424 3641 itaque
442 3574 603 3642 singillatim
623 3579 737 3628 notatae
757 3575 812 3629 alio
830 3575 928 3630 ordine
949 3577 977 3630 in
997 3577 1122 3647 margine
1133 3578 1245 3634 codicis.
1271 3579 1313 3635 Ne

213 3667 313 3738 longus
344 3669 405 3734 sim,
434 3669 510 3723 locos
539 3668 654 3723 idoneos
680 3670 820 3734 indicabo,
849 3672 949 3739 quibus
979 3673 1059 3727 simul
1079 3673 1226 3730 Caecilium
1245 3675 1313 3731 haec

215 3767 351 3819 tractasse
378 3762 573 3836 perspicietur.
610 3765 656 3835 Sp.
676 3766 725 3836 ΙΙΙ,
748 3769 788 3830 17,
810 3770 852 3822 18.
881 3768 924 3834 34,
945 3771 979 3822 23
998 3787 1057 3838 sqq.
1087 3773 1130 3837 76,
1149 3774 1191 3826 30.
1221 3775 1264 3838 72,
1284 3775 1310 3828 6.

215 3859 307 3927 Quint.
327 3860 374 3921 ΙΧ,
395 3863 420 3926 3,
440 3863 474 3915 37
494 3879 534 3931 sq.
552 3863 586 3916 55
606 3861 642 3916 cf.
661 3862 810 3917 Morawslri
826 3882 854 3933 p.
872 3867 907 3918 52
925 3883 983 3934 sqq.

319 3956 347 4020 2)
367 3974 395 4026 p.
425 3957 469 4026 33,
498 3958 534 4009 24
564 3961 593 4012 at
623 3957 724 4012 similia
752 3961 879 4029 exempla
906 3959 1038 4030 leguntur
1067 3962 1141 4032 apud
1167 3963 1311 4018 Tiberium

211 4067 237 4117 p.
257 4053 301 4113 80,
322 4053 368 4105 24.

315 4149 342 4216 3)
361 4147 456 4202 Etiam
476 4150 634 4219 exemplum
654 4150 744 4219 ignoti
761 4151 893 4218 auctoris,
912 4169 966 4220 quo
984 4169 1040 4206 uno
1067 4154 1145 4223 prior
1162 4169 1227 4208 usus
1246 4155 1308 4212 illu·

212 4245 326 4312 stratur,
345 4243 427 4298 aliam
446 4245 483 4298 ob
499 4261 609 4298 caueam
630 4245 749 4300 Caecilio
767 4247 942 4302 adscribetur
961 4267 987 4319 p.
1009 4249 1049 4300 19.
