3036 4928
736 321 773 388 32

309 513 401 585 Quam
422 512 539 589 quidem
561 517 735 572 sententiam
769 534 827 574 uon
850 514 1037 574 mediocriter
1069 515 1200 575 adiuvari
1221 535 1314 593 spero

211 626 255 702 iis,
278 642 352 701 quae
374 623 519 705 inprime
540 623 637 701 capite
657 623 815 702 disputavi.
847 624 921 683 Eam
942 627 1019 683 enim
1039 624 1164 684 vidimus
1184 625 1312 684 assidui-

154 807 157 812 ·
209 737 303 792 tutem
321 731 488 792 enneminta
511 732 542 786 et
563 727 763 798 acerbitatem,
794 733 830 786 ut
851 733 905 786 aut
926 731 994 787 vivo
1014 729 1104 786 etiam
1125 732 1188 785 tum
1211 725 1312 786 (laeci-

209 841 250 900 lio
267 846 400 899 autnon
420 839 514 898 multo
534 843 604 914 post
627 837 690 895 eius
712 836 825 895 obitum
847 837 986 913 scriptam
1008 855 1071 895 esse
1097 836 1171 894 hanc
1193 842 1311 895 coutro-

106 945 108 951 ‘
212 951 335 1008 versiam
366 947 521 1007 verisimile
553 946 697 1006 videatur.
748 944 790 1002 Et
806 940 979 1021 produxisse
1013 944 1130 1020 quidem
1153 944 1312 1004 Caecilium

209 1060 301 1119 vitem
322 1058 352 1116 in
367 1056 477 1115 Tiberii
499 1075 623 1132 regnum
644 1059 869 1114 consentaneum
892 1059 946 1126 est,
968 1056 1083 1112 etiamsi
1103 1052 1210 1112 Suidae
1225 1056 1310 1112 testi·

98 1213 99 1218 .
210 1170 307 1226 monia
343 1185 399 1224 non
431 1167 509 1223 omni
541 1168 661 1222 careant
699 1163 870 1240 suspicione.
921 1162 996 1222 Nam
1028 1163 1107 1240 quod
1138 1161 1254 1221 dicits.
1280 1183 1310 1222 v.

213 1266 390 1351 Ίλμαγέιηςε
416 1265 616 1349 ἕσοφίοτευσεν
637 1312 739 1330 .....
761 1265 811 1328 ἐπί
831 1289 860 1328 τε
881 1264 1034 1346 Καίσαρος
1053 1265 1229 1348 Αὐγούστου
1249 1270 1312 1330 καὶ

209 1376 397 1458 μετέπειτα
418 1374 496 1456 ἅμα
519 1373 709 1461 Καικιλίῳ
733 1379 798 1438 ideo
820 1363 933 1438 certum
955 1384 1088 1454 nonest,
1113 1380 1192 1455 quod
1212 1380 1311 1440 Tima-

209 1512 313 1572 genem
335 1489 461 1568 quidem,
485 1492 536 1565 qui
547 1489 668 1547 Romam
687 1489 767 1548 venit
788 1492 921 1566 captivus
942 1491 1019 1548 circa
1040 1508 1147 1548 annum
1169 1489 1219 1560 55,
1241 1495 1313 1565 post

206 1601 484 1678 ·Augusti'm0rtem
504 1601 612 1658 vixisse
632 1597 770 1657 credibile
792 1600 842 1657 vix
863 1589 917 1657 est.
960 1597 1061 1674 Neque
1086 1618 1149 1657 rem
1170 1599 1311 1672 decernit,

211 1711 290 1788 quod
316 1711 502 1784 coniungitur
523 1707 665 1766 Caecilius
683 1727 748 1765 oum
769 1706 952 1784 Hermagora
970 1704 1141 1765 Theodorou
1154 1701 1190 1782 ¹),
1223 1727 1311 1783 quem

212 1819 267 1878 sub
287 1817 405 1878 Tiberio
426 1816 557 1876 docuisse
579 1817 714 1876 vidimus.
737 1815 821 1888 Quod
843 1833 912 1874 vero
934 1835 957 1876 s.
978 1836 1005 1874 v.
1026 1809 1178 1885 Καικίλιος
1197 1816 1314 1892 profert

211 1926 334 1986 Suidas:
355 1921 404 1984 ἐπὶ
424 1912 475 1990 τοῦ
490 1921 640 2000 Σεβαστοῦ
661 1917 815 1999 Καίσαρος
834 1921 884 1980 καὶ
904 1917 958 1994 ἓως
968 1919 1129 2000 Ἀδριανοῦ
1148 1924 1203 1983 boc
1223 1926 1312 1983 vitio·

212 2037 358 2094 sissimum
379 2031 475 2111 est2).
517 2034 573 2094 Sed
595 2037 711 2093 constat
733 2031 890 2092 Caecilium
911 2052 969 2092 uon
990 2036 1093 2111 paucis
1115 2035 1198 2093 annis
1220 2037 1313 2092 mino·

212 2163 272 2203 rem
295 2145 385 2202 inisse
400 2143 549 2218 Dionysio.
571 2142 646 2201 Nam
668 2139 705 2199 ab
728 2140 784 2198 hoo
804 2143 835 2199 in
857 2140 921 2199 sola
941 2141 1068 2218 epistula
1089 2142 1126 2201 ad
1140 2142 1312 2219 Pompeium

212 2254 389 2324 nominatur,
423 2271 500 2328 quae
534 2254 598 2310 inre
629 2253 707 2310 inter
744 2252 901 2310 novissima
935 2227 998 2310 eius
1033 2253 1144 2328 scripta
1172 2251 1312 2310 refertur.

212 2362 369 2420 Praeterea
391 2359 533 2418 Caecilius
566 2378 632 2418 cnm
652 2360 778 2435 vestigia
811 2361 895 2418 amici
916 2364 1034 2418 secutus
1066 2362 1097 2417 in
1117 2358 1219 2417 multis
1248 2359 1313 2418 eius

211 2471 372 2530 sententiae
392 2473 580 2546 impugnaret
601 2471 828 2546 comparetque,
851 2489 886 2528 eo
906 2475 1023 2528 mortuo
1043 2468 1157 2528 demum
1184 2469 1310 2526 maxime

210 2581 344 2639 floruisse
366 2579 491 2638 videtur.
513 2579 670 2654 Dionysius
695 2598 763 2637 vero
784 2597 877 2654 usque
900 2579 938 2638 ad
957 2599 1063 2638 annum
1086 2579 1105 2636 8
1127 2598 1155 2638 ιι.
1177 2576 1208 2635 0.
1230 2598 1257 2636 n.
1279 2579 1311 2634 in

137 2695 139 2699 ’
211 2687 438 2764 antiquitatibus
459 2687 665 2766 componendis
683 2689 858 2748 versabatur
879 2683 928 2762 (cf.
945 2688 968 2747 Ι.
991 2683 1033 2764 7).
1056 2687 1196 2760 Quamvis
1218 2687 1313 2762 igitur

212 2803 285 2874 quot
317 2816 409 2856 annos
441 2803 545 2875 postea
571 2799 688 2865 vixerit,
724 2801 906 2874 compertum
928 2817 987 2856 non
1007 2794 1177 2868 habeamus,
1211 2802 1311 2855 tamen

212 2904 370 2964 Caecilium
391 2909 481 2965 etiam
504 2906 559 2966 sub
571 2904 689 2964 Tiberio
710 2905 845 2964 floruisse
867 2927 980 2965 summa
1001 2906 1212 2984 probabilitate
1235 2927 1311 2965 com·

213 3015 344 3075 mandari
363 3014 489 3076 videtur.

311 3122 417 3182 Restat
450 3126 486 3180 ut
521 3141 653 3181 moneam
689 3124 861 3201 scriptorem
889 3122 1022 3196 ignotum
1055 3105 1204 3181 iamante
1224 3121 1312 3182 huius

313 3359 339 3426 1)
358 3357 435 3413 suid.
457 3377 477 3413 s.
497 3378 522 3414 v.
542 3355 728 3430 Ἐρμαγόραςε
758 3361 905 3414 ἐπαίδευσε
922 3357 992 3432 μετὰ
1012 3363 1153 3414 Καικιλίου
1177 3363 1224 3416 ἐπὶ
1242 3368 1312 3414 Καί-

214 3474 298 3526 σαρος
316 3449 479 3525 Αὐγούστου
497 3459 543 3508 καὶ
560 3457 667 3526 τελευτᾷ
686 3450 783 3528 πόρρω
801 3457 846 3522 τῆς
864 3455 975 3523 ἡλικίας.
1328 3441 1329 3444 ¹

312 3554 340 3618 2)
359 3552 420 3606 Hoc
436 3553 545 3620 vitium,
577 3552 651 3622 quod
670 3553 725 3608 viri
747 3553 824 3608 docti
851 3571 885 3608 ex
908 3553 1027 3608 duorum
1047 3553 1229 3610 Caecilius-nm
1247 3571 1313 3608 oon·

211 3649 319 3704 fusione
337 3650 509 3718 repetebant,
526 3667 558 3705 eo
577 3654 674 3704 natum
693 3650 764 3704 mibi
781 3650 901 3717 videtur,
920 3651 995 3720 quod
1013 3651 1163 3721 primarius
1181 3652 1240 3705 eius
1256 3650 1312 3704 loci

212 3750 309 3801 auctor
328 3745 439 3815 scripsit
451 3745 593 3800 Hadriano
612 3751 755 3816 regnante.
792 3746 860 3801 Fuit
878 3747 950 3800 enim
969 3749 1029 3800 sine
1047 3745 1133 3801 dubio
1144 3746 1313 3816 Hermippus

212 3843 340 3913 Berytius
357 3842 416 3911 (ant
428 3837 566 3910 Ἀδριανοῦ
583 3843 630 3895 τοῦ
641 3845 782 3910 βασιλέως,
800 3841 875 3897 Suirl.
891 3860 911 3896 s.
927 3861 953 3897 v.
965 3838 1143 3913 Ἕρμιππος),
1162 3843 1211 3912 qui
1228 3845 1312 3911 scrip·

212 3939 250 3992 sit
268 3942 334 4008 περὶ
352 3938 408 3992 τῶν
425 3933 642 4007 διατριψάντων
671 3939 703 3991 ἐν
728 3937 841 4008 παιδείᾳ
862 3931 967 3993 δούλοιν
995 3938 1082 4006 (Suid.
1101 3957 1121 3994 s.
1141 3958 1166 3993 τ.
1183 3934 1312 4008 ''Iorpos)⁸

212 4035 247 4088 cl.
268 4032 450 4088 Wecbsmutb
477 4032 507 4085 in
524 4033 609 4102 symb.
628 4031 697 4102 phil.
727 4033 815 4087 Bonn.
843 4051 869 4102 p.
891 4035 948 4086 148.
985 4031 1074 4088 Simili
1094 4051 1189 4090 errore
1206 4033 1312 4088 iactum

212 4129 333 4199 videtur,
363 4133 395 4183 nt
416 4128 555 4184 Theodori
579 4127 652 4183 filius
670 4128 806 4184 Hadriani
830 4133 920 4186 aetate
939 4127 1117 4201 συγκλητικὸς
1139 4131 1222 4196 fuisse
1239 4130 1311 4187 dice·

215 4232 303 4298 retur,
321 4227 356 4283 cf.
376 4225 452 4282 Suid.
470 4210 534 4283 av.
554 4221 703 4298 Θεόδωρος.
