3036 4928
375 315 390 346 l

750 365 788 428 13

222 553 303 628 fecit,
325 549 405 627 quod
426 547 548 609 Ioannes
571 549 707 610 Siceliota
729 547 783 627 (Vl
807 551 863 610 211
884 546 945 626 W.)
967 553 1083 628 genesis
1106 549 1201 610 locum
1224 551 1254 610 iu
1276 570 1320 610 ca·
1352 637 1356 646 ⁸
1419 527 1425 540 ⁸

222 664 284 740 pite
312 660 352 718 IX
380 666 543 720 tractatum
581 659 660 738 apud
683 659 848 737 Longinum
878 680 994 737 quoque
1027 663 1151 739 reperiri
1184 667 1323 731 testatur,

223 772 395 848 praesertim
425 790 490 828 eum
516 769 608 828 codex
644 747 867 847 antiquissimus
893 773 988 828 nostri
1020 769 1111 829 libelli
1134 769 1230 830 tribus
1262 771 1322 828 fere

223 880 345 938 saeculis
378 881 418 937 sit
441 880 585 938 vetustior
596 874 630 953 1).
676 877 749 936 Nem
773 878 852 955 quod
880 879 974 936 locum
996 879 1189 955 Aeschyleum
1216 880 1246 937 in
1275 899 1321 938 oa·

223 990 285 1066 pite
307 986 349 1044 III
370 986 551 1064 explicatum
584 985 661 1044 Idem
696 985 838 1044 adscribit
856 985 992 1063 Longino
1025 984 1076 1060 (VI
1101 983 1186 1061 225),
1222 986 1252 1044 id
1287 1007 1322 1046 ex

174 1147 179 1156 ,
224 1096 318 1154 XXI⁰
345 1098 400 1156 vol.
426 1097 481 1154 τῶν
507 1090 671 1173 φιλολόγων
702 1098 820 1173 repetit.
864 1097 906 1152 Ac
929 1098 1108 1154 exstiterunt
1130 1097 1181 1172 qui
1208 1101 1322 1173 partem

224 1206 310 1264 huius
339 1208 435 1284 operis
457 1205 547 1263 fuisse
568 1204 677 1262 librum
703 1224 733 1262 π.
754 1195 782 1261 d.
813 1203 1037 1263 hariolerentur.
1083 1204 1143 1264 Hoc
1175 1206 1320 1278 refugium

224 1319 289 1373 crat
308 1316 443 1374 ultimum
466 1333 575 1382 eornm,
609 1313 659 1389 qui
692 1312 837 1371 mordicus
871 1313 1014 1372 tenebant
1045 1316 1221 1374 sententiam
1256 1333 1323 1374 con·

224 1423 380 1482 suetudine
418 1411 624 1482 irrreteratam.
680 1421 782 1497 Neque
822 1423 899 1480 inter
940 1441 989 1480 eos
1027 1423 1084 1480 suit
1121 1421 1323 1492 Ruhnkenius‚

224 1552 309 1608 quern
340 1529 497 1590 Bucheneu
525 1529 613 1588 huius
637 1531 810 1606 suspicionis
840 1536 990 1589 auctorem
1020 1509 1107 1588 falso
1127 1527 1322 1606 nummariffl)

225 1641 333 1717 aliique
362 1659 428 1699 eum
451 1633 587 1714 secuti3).
631 1638 691 1696 Illis
725 1639 801 1695 enim
829 1625 1021 1714 temporibus*
1051 1657 1167 1697 necesse
1197 1638 1322 1697 nondum

224 1751 281 1807 suit
302 1767 436 1838 pugnare
452 1767 505 1825 pro
521 1743 699 1824 Longino⁴).
723 1747 788 1826 Ipse
806 1767 875 1806 vero
896 1748 969 1806 liber
984 1748 1151 1826 Longinum
1174 1755 1322 1807 auctorem

225 1859 267 1916 ita
291 1863 373 1915 totus
395 1861 559 1929 aversatur,
594 1862 628 1914 ut
647 1856 759 1933 pudeat
792 1855 908 1914 detecta
939 1856 1054 1915 demum
1077 1857 1115 1916 ab
1136 1857 1253 1916 Amatis
1279 1859 1322 1916 in·

225 1967 382 2048 scriptione
404 1985 504 2023 verum
526 1985 589 2023 esse
610 1970 771 2042 repertum.
817 1965 892 2035 Quin
915 1967 1065 2040 egregium
1086 1963 1160 2025 illud
1185 1964 1323 2023 Ruhnke-

225 2075 266 2132 nii
295 2075 456 2143 inventum,
485 2093 543 2150 quo
567 2073 692 2150 Longini
720 2081 814 2131 artem
847 2070 1024 2130 rhetoricam
1057 2071 1095 2131 ab
1117 2075 1236 2150 Apsinis
1259 2078 1324 2133 arto

226 2186 404 2260 segregarit,
437 2184 622 2259 aliquatenus
649 2201 683 2240 eo
714 2182 900 2255 obscuratur,
928 2181 1006 2259 quod
1027 2181 1164 2259 Longini,
1194 2181 1248 2240 hoo
1280 2190 1325 2240 est

227 2294 378 2370 scriptoris
401 2312 431 2350 π.
453 2283 490 2362 d,
513 2290 658 2350 scribendi
680 2311 773 2368 genus
797 2311 827 2348 se
850 2293 880 2349 in
901 2291 952 2349 illo
975 2292 1141 2368 fragmento
1163 2291 1323 2368 deprehen·

154 2420 156 2425 ·
228 2399 304 2458 disse
325 2384 472 2478 professus
494 2397 584 2477 erm).
609 2399 711 2477 Neque
733 2398 848 2469 dubito,
870 2401 940 2476 quin
956 2419 1020 2458 eam
1041 2402 1136 2476 ipsam
1151 2399 1188 2458 ob
1208 2419 1323 2458 oausam

229 2508 332 2567 edendi
351 2485 429 2568 illius
445 2510 603 2585 fragmenti
618 2509 767 2568 consilium
781 2508 930 2579 abiecerit,
947 2507 1036 2584 quod,
1054 2529 1118 2568 cum
1131 2515 1234 2586 postea
1248 2509 1325 2567 libro

330 2814 355 2884 l)
375 2813 464 2868 Abusi
495 2819 562 2867 sunt
580 2815 692 2870 Ioannis
710 2816 872 2869 testimonio
890 2815 992 2869 Belias
1011 2815 1134 2885 (Apsinis
1159 2819 1189 2869 et
1205 2814 1325 2885 Longini

226 2909 374 2973 rhetoriea,
404 2910 475 2979 prol.
502 2927 528 2979 p.
548 2909 579 2976 L)
607 2914 690 2979 atque
719 2912 802 2964 etiam
827 2912 917 2980 magis
935 2911 1062 2981 Eggerus
1091 2910 1219 2980 (histoire
1239 2911 1273 2965 de
1300 2911 1326 2965 Is

118 3064 125 3074 ,f
227 3006 348 3074 critique
366 3005 434 3060 chen
453 3005 494 3059 les
513 3006 597 3060 Greos
616 3023 642 3074 p.
663 3007 714 3060 531
734 3008 816 3076 sqq.).

327 3105 355 3174 2)
375 3102 415 3157 De
433 3103 569 3171 scriptore
587 3103 654 3156 libri
672 3122 702 3157 π.
722 3097 746 3155 ὕ.
766 3105 847 3172 1125,
867 3103 916 3158 ubi
933 3103 996 3172 ipsa
1007 3102 1166 3158 Ruhnkenii
1183 3103 1268 3156 verba
1281 3102 1326 3172 (ex

228 3200 251 3259 ἐ.
263 3197 288 3250 Χ
301 3197 505 3252 dissertationis
524 3198 558 3252 de
571 3197 629 3251 vita
642 3202 670 3251 et
683 3199 795 3266 seriptis
806 3198 936 3270 Longini)
949 3199 1120 3270 transcripte
1133 3205 1207 3268 suut,
1225 3199 1327 3268 quibus

227 3294 297 3349 nihil
315 3297 396 3363 inest,
425 3311 479 3362 quo
506 3293 554 3346 ille
571 3294 710 3348 sententia
736 3294 884 3349 indicetur.
922 3293 985 3348 Sole
1012 3292 1044 3348 ((1
1063 3299 1126 3366 περὶ
1149 3296 1328 3364 Ξενοφῶντος

227 3394 263 3461 (p.
285 3393 326 3459 17,
347 3391 390 3461 19)
408 3394 519 3459 partem
539 3389 585 3444 ille
603 3390 658 3444 τῶν
677 3385 834 3462 φιλολόγων
850 3407 910 3446 esse
928 3392 1025 3446 voluit.

146 3491 154 3498 “
328 3487 354 3556 3)
372 3487 407 3542 cf.
426 3487 600 3542 Winklerum
627 3487 657 3540 in
676 3486 741 3540 diss.
761 3487 795 3541 de
813 3487 906 3542 libello
926 3509 956 3543 π.
975 3483 997 3544 t.
1019 3507 1042 3542 s.
1063 3491 1132 3542 1870
1151 3489 1229 3544 HaIIs
1248 3489 1324 3544 edile

228 3603 255 3654 p.
276 3586 318 3649 15,
338 3584 386 3652 qai
404 3584 473 3637 nihil
491 3583 611 3653 profecit
629 3584 657 3636 in
679 3585 842 3652 quaestione
862 3583 896 3637 de
915 3589 1041 3654 ternpore
1060 3586 1199 3653 solvende,
1219 3587 1266 3642 sed
1284 3603 1327 3642 co·

228 3671 330 3751 gitavil
348 3681 383 3736 de
400 3681 519 3736 Neronis
539 3680 710 3749 temporibus
728 3696 755 3748 p.
775 3679 819 3734 34.

328 3781 355 3842 4)
375 3776 494 3840 PrImus⁹
518 3776 706 3846 quodecim,
735 3777 763 3830 in
783 3775 857 3830 illam
878 3778 1043 3830 sententiam
1066 3779 1136 3832 abiit
1155 3796 1253 3834 censor
1272 3781 1327 3834 edi-

228 3872 313 3928 tionis
334 3871 509 3928 Weiskisnae
527 3873 577 3942 ((11.
598 3872 662 3926 Slm.
681 3873 709 3926 in
730 3873 819 3926 annal.
840 3873 895 3926 litt.
915 3874 969 3927 Ien.
994 3873 1203 3944 retorsero).

209 3997 217 4013 ν
329 3975 358 4041 ὁ)
375 3971 410 4026 ef.
430 3972 490 4025 eius
508 3972 595 4025 rerba
612 3970 686 4039 apud
704 3970 820 4025 Bakinm
839 3970 856 4024 l.
871 3988 890 4025 s.
910 3988 936 4040 p.
947 3970 1025 4023 XIII:
1046 3971 1106 4041 »J’y
1118 3987 1254 4025 reconnus
1273 3988 1328 4025 non

231 4067 386 4123 seulement
404 4067 431 4122 Is
450 4067 561 4122 marche
584 4067 619 4121 de
639 4067 757 4138 Longin.
784 4067 854 4122 meis
878 4067 1015 4136 plusieurs
1033 4067 1208 4138 expressions
1223 4068 1270 4136 qui
1288 4068 1327 4120 lui

229 4168 293 4218 sont
303 4164 523 4234 particulares«
562 4165 633 4218 Tum
651 4161 762 4218 demum
772 4164 805 4219 de
823 4165 885 4219 loeo
896 4166 956 4234 agit
969 4165 1044 4218 illius
1060 4165 1129 4218 artis
1148 4165 1199 4219 sub
1208 4163 1328 4235 Longini

195 4332 197 4336 .
230 4261 340 4315 nomine
359 4261 473 4316 laudato
493 4261 520 4314 in
539 4259 651 4315 scholiis
670 4260 861 4331 Hermogenis.
