3036 4928
712 269 749 327 12

183 455 238 513 sibi
261 454 341 531 velit,
363 456 450 512 ctiam
473 453 649 532 Hyperidem
672 451 865 512 Demostheni
897 472 1078 530 praeponere
1108 450 1214 508 debere
1236 469 1282 507 co·

184 567 345 640 arguatur:
367 562 423 622 hoc
447 582 517 620 vero
538 561 699 620 absurdum
723 580 787 619 esse
802 581 896 636 neque
919 579 1056 637 umquem
1072 560 1199 629 factum3
1222 558 1281 632 Ly·

185 673 257 728 siam
286 689 354 728 vcro
382 669 475 728 multo
504 671 592 728 ctiam
624 671 717 746 magia
747 670 880 745 superari
904 690 922 728 a
949 668 1082 735 Platone,
1108 687 1196 744 quam
1224 666 1281 726 Dc·

185 778 352 836 mosthenes
373 779 532 856 praecellat
553 778 731 856 Hyperidem
744 772 778 854 ¹).

250 871 254 878 ¹
283 886 401 946 Glandit
426 887 655 965 disputationem
679 888 760 947 locus
786 887 822 946 de
845 889 957 946 colosso
985 887 1085 964 aliquo
1109 907 1173 945 cum
1196 885 1281 963 Poly·

185 997 247 1056 oliti
271 997 439 1073 doryphoro
460 997 567 1056 collato
577 993 614 1070 ²),
637 997 754 1073 dequo
776 996 846 1073 quid
868 997 994 1056 sentiam
1010 997 1175 1054 accuratius
1196 1015 1283 1073 expo·

187 1105 315 1164 nendum
336 1104 463 1164 videtur.
486 1104 561 1162 Nam
583 1107 685 1182 primis
707 1104 840 1164 versibus
866 1099 936 1180 πρὸς
951 1134 991 1146 --
1008 1100 1099 1162 εἰπεῖν
1120 1106 1284 1162 necessario

185 1216 216 1273 in
235 1233 300 1272 eam
322 1213 487 1273 inducimur
507 1215 681 1290 opinionem,
705 1216 790 1290 quasi
805 1216 933 1290 scriptor
953 1214 1097 1272 colossum
1114 1212 1283 1271 mendosum

186 1322 410 1400 praeferendum
435 1323 580 1380 censuerit
602 1308 805 1382 laudatissimo
831 1322 875 1380 illi
897 1323 1073 1399 doryphoro.
1118 1321 1160 1382 Et
1187 1324 1283 1380 itare

185 1451 254 1490 vcra
276 1432 374 1490 locum
392 1429 602 1490 intellexerunt
624 1433 680 1490 viri
703 1427 823 1506 doctii).
867 1431 930 1490 Hoc
959 1452 1030 1490 vero
1055 1431 1195 1490 iudicium
1221 1450 1284 1489 cum

186 1539 328 1600 abhorret
350 1561 368 1598 a
389 1559 461 1598 sana
480 1541 606 1612 ratione,
626 1544 690 1599 tum
713 1540 903 1616 sequentibus
929 1543 1046 1600 minime
1068 1539 1285 1618 comprobatur.

186 1650 281 1709 Totus
312 1649 389 1706 enim
422 1653 467 1706 est
494 1650 621 1725 scriptor
648 1651 679 1706 in
705 1648 920 1708 discriminibus
955 1652 1064 1708 artium
1096 1647 1286 1726 explicandis:

187 1759 294 1819 artifici
314 1759 431 1838 quidem
447 1755 593 1818 'summam
615 1760 708 1836 legem
738 1779 801 1817 esse
824 1764 991 1818 accuratam
1016 1759 1197 1835 singularum
1219 1776 1287 1834 par·

187 1871 260 1927 tium
282 1867 515 1945 perpolitionem‚
536 1871 648 1928 oratori
671 1887 741 1926 vero
756 1869 801 1926 vel
823 1872 938 1945 poetae,
961 1870 1043 1926 cuius
1071 1886 1145 1944 opus
1167 1886 1204 1924 ex
1223 1866 1287 1942 ipsa

188 1981 296 2035 natura
317 1977 427 2054 ingenii
448 1975 588 2053 profluat,
623 1977 703 2035 laudi
725 1995 789 2035 ease
808 1981 878 2034 ante
898 1977 996 2032 omnia
1018 1975 1237 2044 sublimitatem,
1259 1978 1290 2031 et

188 2087 218 2143 in
250 2086 358 2143 statuis
395 2084 512 2160 quidem
544 2085 665 2162 probari
688 2083 906 2143 similitudinem
932 2083 1070 2156 hominis,
1099 2085 1129 2141 in
1158 2084 1290 2142 oratione

188 2213 258 2252 vero
279 2193 358 2270 quod
381 2194 502 2252 excedat
527 2193 665 2252 humana.
709 2194 775 2253 Non
797 2194 890 2270 igitur
918 2198 1045 2270 negatur
1070 2194 1213 2252 colossum
1236 2193 1289 2249 mi·

188 2305 267 2361 noris
289 2322 352 2361 esse
373 2302 536 2361 faciendum
558 2323 644 2379 qnam
666 2302 878 2380 doryphorum:
902 2308 1029 2378 negatur
1044 2302 1099 2360 boo
1124 2300 1289 2376 exemplum

187 2414 267 2468 recte
295 2411 450 2470 transferri
471 2412 509 2469 ad
531 2413 707 2489 scriptorum
728 2413 984 2487 comparationem.
1012 2409 1058 2469 Sic
1079 2411 1153 2468 enim
1176 2411 1292 2486 saepius

296 2628 320 2696 l)
338 2627 369 2680 In
381 2627 473 2682 verbis
492 2647 519 2698 p.
533 2629 575 2697 58,
590 2629 624 2682 24
643 2636 669 2684 si
683 2649 715 2700 ys
734 2632 841 2692 ἐκλέξας
857 2626 1023 2701 τάὉμὴρου,
1040 2629 1072 2684 τὰ
1084 2634 1294 2701 Λημοσθένους,

190 2720 223 2776 τὰ
242 2719 390 2782 Πλάτωνος
412 2764 529 2780 .....
548 2721 758 2798 παραπτώματα
777 2722 866 2782 πάντα
885 2723 973 2798 ὁμόσε
996 2733 1213 2797 συναθροίσειεν,
1232 2719 1290 2801 ilci·

188 2835 289 2890 χιστον
306 2813 341 2874 ἄν
359 2840 400 2872 τι.
421 2861 427 2875 .
450 2862 455 2874 .
476 2819 617 2891 ,εὑρεθείη
635 2824 690 2876 τῶν
709 2865 714 2877 .
736 2866 741 2878 .
763 2866 768 2878 .
787 2866 793 2878 .
812 2828 1039 2896 κατωρθωμένων
1054 2825 1293 2894 (κατορθουμένων

192 2917 224 2985 P)
244 2916 387 2970 obversari
399 2916 511 2986 quidem
529 2918 661 2988 scriptori
673 2917 784 2974 Caecilii
796 2920 970 2990 diligentiam
990 2919 1018 2972 in
1031 2919 1107 2973 vitiis
1126 2919 1291 2988 indagandis

192 3016 356 3083 occupatam
373 3019 497 3083 apparet.
535 3012 590 3067 Sed
609 3013 729 3068 forsitan
756 3015 843 3083 ipsius
865 3015 948 3069 etiam
973 3032 1072 3069 nomen
1091 3015 1127 3069 ad
1146 3006 1290 3086 συναθροί·

193 3124 266 3163 oster
284 3110 456 3180 cogitatione
476 3109 660 3180 supplendum
681 3111 725 3164 sit.
763 3111 823 3166 Hoc
836 3128 902 3165 vero
922 3112 950 3164 in
969 3111 1061 3166 medio
1079 3110 1290 3181 relinquendum

192 3206 297 3275 putavi,
316 3222 379 3259 cum
399 3205 529 3259 facillime
546 3209 586 3266 τὶς
604 3205 704 3260 vocula
723 3205 851 3261 addatur.

295 3303 323 3370 2)
342 3320 370 3371 p.
390 3303 433 3366 59,
453 3304 469 3354 7
493 3298 563 3372 πρὸς
589 3306 685 3372 μέντοι
713 3320 745 3372 γε
764 3300 814 3358 τὸν
831 3298 984 3375 γράφοντα,
1015 3302 1052 3363 ὠς
1080 3301 1095 3356 ὁ
1121 3301 1255 3362 κολοσσὸς
1279 3301 1293 3357 ὁ

190 3399 382 3470 ἡμαρτημένος
401 3395 432 3452 οὐ
451 3403 579 3469 κρείττων
597 3392 614 3466 ἢ
634 3398 846 3454 ὁΠολυκλείτου
865 3394 1027 3472 δορυφόρος,
1048 3395 1206 3469 παράκειται
1227 3395 1296 3470 πρὸς

193 3498 303 3554 πολλοῖς
321 3497 417 3559 εἰπεῖν,
437 3491 477 3548 ὅτι
491 3495 539 3548 ἐπὶ
557 3495 613 3567 μὲν
630 3499 727 3567 τέχνης
738 3490 905 3567 θαυμάζεται
925 3493 961 3550 τὸ
974 3501 1230 3568 ακριβέστατον,
1249 3495 1296 3548 ἐπὶ

193 3591 224 3644 δὲ
246 3591 301 3644 τῶν
319 3592 446 3661 φυσικῶν
462 3591 552 3660 ἔργων
571 3591 606 3644 τὸ
625 3597 794 3662 μέγεθος,
822 3586 902 3662 φύσει
924 3591 955 3645 di
974 3588 1086 3660 λογικὸν
1103 3589 1118 3645 ὁ
1138 3585 1295 3660 ἅνθρωπος,

195 3684 265 3742 κάπὶ
282 3687 337 3758 μὲν
356 3680 527 3756 ἀνδριάντων
544 3691 656 3754 ζητεῖται.
673 3684 711 3748 τὰ
729 3682 850 3759 ὅμοιον
868 3682 1047 3757 ἀνθρώπῳ,
1068 3689 1116 3740 ἐπὶ
1135 3687 1166 3740 δὲ
1184 3687 1231 3739 τοῦ
1249 3679 1294 3740 λό-

196 3802 248 3853 γου
266 3781 300 3838 τὸ
321 3780 512 3852 ὑπεραῖρον
530 3824 536 3837 .
558 3824 563 3836 .
584 3826 589 3838 .
608 3781 645 3835 τὰ
664 3778 875 3854 ἀνθρώπινα.

299 3879 326 3947 3)
345 3878 379 3932 cf.
401 3877 608 3932 Buchenavium
619 3879 637 3934 l.
648 3897 668 3933 s.
682 3898 708 3949 p.
720 3881 768 3934 40:
789 3878 1045 3949 ›Pseudolonginus
1128 3895 1233 3946 negans
1252 3878 1298 3932 ab·

191 3974 390 4029 solutissimum
422 3974 450 4027 in
468 3975 593 4044 parvulis
619 3974 839 4031 dimensionibus
856 3977 993 4045 Polycleti
1012 3994 1081 4047 opus
1108 3975 1297 4046 praestantius

192 4070 347 4140 putandum
372 4087 433 4125 esse
456 4088 537 4140 quam
565 4074 687 4126 statuam
716 4072 792 4126 illam
812 4090 886 4142 aqq.‹
924 4074 962 4126 Et
990 4072 1119 4127 similitor
1137 4071 1258 4126 Blassius
1278 4070 1296 4124 l.

193 4184 215 4223 a.
235 4187 260 4242 p.
285 4169 334 4224 192
354 4168 416 4223 adn.
440 4173 469 4224 l:
492 4168 563 4224 »Der
581 4169 785 4240 bektmpfte
804 4169 935 4226 Gadanke
955 4167 991 4232 ὠς
1009 4167 1023 4224 ὁ
1044 4167 1179 4227 κολοσσὸς
1197 4170 1267 4223 ms«
